Timestamp,Price,Size
2024-09-20 10:02:00.005,423.718693462063,7
2024-09-20 10:02:00.005,423.69210216808784,105
2024-09-20 10:02:00.018,423.7398874666809,999
2024-09-20 10:02:00.123,423.7227277196865,95
2024-09-20 10:02:00.161,423.7011775656805,10
2024-09-20 10:02:00.195,423.7163437881908,12
2024-09-20 10:02:00.218,423.7153661821947,1002
2024-09-20 10:02:00.330,423.70845495346646,999
2024-09-20 10:02:00.363,423.69948092719625,6
2024-09-20 10:02:00.486,423.7516440916105,1005
2024-09-20 10:02:00.530,423.711213927483,104
2024-09-20 10:02:00.532,423.72649535045184,102
2024-09-20 10:02:00.550,423.6935221738474,104
2024-09-20 10:02:00.558,423.7074542527939,15
2024-09-20 10:02:00.573,423.74659200463344,101
2024-09-20 10:02:00.687,423.7275913714533,99
2024-09-20 10:02:00.795,42.37092819360952,1002
2024-09-20 10:02:00.843,423.6985148853885,12
2024-09-20 10:02:00.908,423.68843887837926,104
2024-09-20 10:02:01.028,423.7331896254036,95
2024-09-20 10:02:01.155,423.7319568531028,102
2024-09-20 10:02:01.439,423.73150136823153,996
2024-09-20 10:02:01.790,423.7244534297215,6
2024-09-20 10:02:01.974,423.7227285442964,8
2024-09-20 10:02:01.975,423.7335953258439,998
2024-09-20 10:02:02.006,423.8147124640498,97
2024-09-20 10:02:02.036,423.79618801910266,6
2024-09-20 10:02:02.086,423.8092098304433,15
2024-09-20 10:02:02.101,423.779312029362,98
2024-09-20 10:02:02.172,423.7842107691351,104
2024-09-20 10:02:02.194,423.8134778193749,999
2024-09-20 10:02:02.204,423.83244088156766,12
2024-09-20 10:02:02.277,423.7997453754261,13
2024-09-20 10:02:02.337,423.7993568823129,105
2024-09-20 10:02:02.354,423.8356907494233,1005
2024-09-20 10:02:02.357,423.773986767902,1004
2024-09-20 10:02:02.430,423.8324618675601,1005
2024-09-20 10:02:02.465,423.7706042269499,10
2024-09-20 10:02:02.546,423.7875111670192,12
2024-09-20 10:02:02.599,423.78329819751553,6
2024-09-20 10:02:02.619,423.847023026505,11
2024-09-20 10:02:02.672,423.8090817163811,6
2024-09-20 10:02:02.685,423.74937821819753,10
2024-09-20 10:02:02.687,423.771713572205,1003
2024-09-20 10:02:02.710,423.8206799901706,99
2024-09-20 10:02:02.717,423.8098041934495,13
2024-09-20 10:02:02.723,423.8141843335017,998
2024-09-20 10:02:02.733,423.80133652511176,10
2024-09-20 10:02:02.742,-423.8009199594154,100
2024-09-20 10:02:02.766,423.8149140947724,1004
2024-09-20 10:02:02.865,423.7766657588461,15
2024-09-20 10:02:02.921,423.7875531108429,8
2024-09-20 10:02:02.966,423.82112410908667,103
2024-09-20 10:02:02.973,423.81588889513455,95
2024-09-20 10:02:03.084,42.37792378765997,100
2024-09-20 10:02:03.094,423.76301042773537,101
2024-09-20 10:02:03.176,423.75083589673,1004
2024-09-20 10:02:03.246,423.7822617566941,105
2024-09-20 10:02:03.276,423.780756457729,8
2024-09-20 10:02:03.366,423.76548485996807,11
2024-09-20 10:02:03.451,423.77803416709975,102
2024-09-20 10:02:03.480,423.7602825181716,1004
2024-09-20 10:02:03.482,423.798749013965,15
2024-09-20 10:02:03.521,423.76277521196727,100
2024-09-20 10:02:03.599,423.75860157159286,98
2024-09-20 10:02:03.718,423.7452281505786,7
2024-09-20 10:02:03.733,423.7570720973664,1000
2024-09-20 10:02:03.739,423.7484192541877,98
2024-09-20 10:02:03.828,423.7822795178897,102
2024-09-20 10:02:03.925,423.78124031449096,95
2024-09-20 10:02:03.926,423.7518950637272,1003
2024-09-20 10:02:04.095,423.80134368311343,102
2024-09-20 10:02:04.261,423.8183677551498,995
2024-09-20 10:02:04.282,423.7969485190584,7
2024-09-20 10:02:04.363,423.8426112360429,995
2024-09-20 10:02:04.371,423.817630321524,95
2024-09-20 10:02:04.382,423.81635885727815,99
2024-09-20 10:02:04.388,423.8003416133953,999
2024-09-20 10:02:04.459,423.8276294414131,998
2024-09-20 10:02:04.477,423.8315952756165,98
2024-09-20 10:02:04.509,423.7911490706428,8
2024-09-20 10:02:04.590,423.8096733625938,100
2024-09-20 10:02:04.643,423.8020955884837,1000
2024-09-20 10:02:04.648,423.7966719406609,1000
2024-09-20 10:02:04.676,423.7901199437137,997
2024-09-20 10:02:04.906,423.8132891254652,104
2024-09-20 10:02:04.981,423.8413597667336,1004
2024-09-20 10:02:05.013,423.80738017315497,1004
2024-09-20 10:02:05.149,423.8170009273982,15
2024-09-20 10:02:05.261,423.7630317389144,14
2024-09-20 10:02:05.265,423.8027509221519,97
2024-09-20 10:02:05.273,423.8087913417377,8
2024-09-20 10:02:05.502,423.8291354481778,997
2024-09-20 10:02:05.534,423.8000945720984,996
2024-09-20 10:02:05.563,423.81502902818784,100
2024-09-20 10:02:05.833,423.813248190222,13
2024-09-20 10:02:05.870,423.8315512486265,9
2024-09-20 10:02:05.955,423.8138380585183,102
2024-09-20 10:02:05.955,423.7804019569769,9
2024-09-20 10:02:06.018,423.772679740634,997
2024-09-20 10:02:06.018,423.75742026245945,95
2024-09-20 10:02:06.031,423.7242876182236,103
2024-09-20 10:02:06.146,423.73582003227057,995
2024-09-20 10:02:06.287,423.7309433292464,101
2024-09-20 10:02:06.297,423.7165875191183,102
2024-09-20 10:02:06.332,423.7479011325354,1003
2024-09-20 10:02:06.394,423.753818378424,105
2024-09-20 10:02:06.464,423.7140680796988,1000
2024-09-20 10:02:06.466,423.7669139552932,997
2024-09-20 10:02:06.621,423.7341564673505,100
2024-09-20 10:02:06.700,423.716773851081,95
2024-09-20 10:02:06.727,423.73831003846345,105
2024-09-20 10:02:06.729,423.7444016097043,99
2024-09-20 10:02:06.746,423.7399878481712,96
2024-09-20 10:02:06.751,423.7130701113536,96
2024-09-20 10:02:06.856,423.7520245619222,995
2024-09-20 10:02:06.897,423.7255446301038,1000
2024-09-20 10:02:06.956,423.7667653377411,1004
2024-09-20 10:02:06.995,423.7503424017093,105
2024-09-20 10:02:07.001,423.6541094966932,1002
2024-09-20 10:02:07.029,423.7279489646371,1005
2024-09-20 10:02:07.032,423.6684011072715,996
2024-09-20 10:02:07.032,423.70923350702014,15
2024-09-20 10:02:07.311,423.7193549314521,11
2024-09-20 10:02:07.360,423.7358869466147,1003
2024-09-20 10:02:07.418,423.7168634696672,5
2024-09-20 10:02:07.454,423.7024610855934,1004
2024-09-20 10:02:07.571,423.6919167469361,998
2024-09-20 10:02:07.694,423.6603372833745,105
2024-09-20 10:02:07.892,423.7289376693624,996
2024-09-20 10:02:07.944,423.6784255140312,1003
2024-09-20 10:02:07.947,423.71827012201953,9
2024-09-20 10:02:08.015,423.70298762578005,1002
2024-09-20 10:02:08.147,423.6774671418105,9
2024-09-20 10:02:08.498,423.67910831229847,5
2024-09-20 10:02:08.657,423.68845394653874,8
2024-09-20 10:02:08.673,423.6964114676806,100
2024-09-20 10:02:08.841,423.68725657048367,99
2024-09-20 10:02:08.918,423.6927633362608,996
2024-09-20 10:02:08.994,423.68805107640304,1000
2024-09-20 10:02:09.090,423.7640230869651,105
2024-09-20 10:02:09.097,423.712433709828,98
2024-09-20 10:02:09.136,423.7738021802169,10
2024-09-20 10:02:09.175,423.7070953801469,1005
2024-09-20 10:02:09.428,423.765293597497,996
2024-09-20 10:02:09.495,423.7216038146773,11
2024-09-20 10:02:09.502,423.7228676503622,995
2024-09-20 10:02:09.515,423.7140433313453,1000
2024-09-20 10:02:09.634,423.7244454108357,99
2024-09-20 10:02:09.710,423.7278579172484,102
2024-09-20 10:02:09.712,423.7070840056935,104
2024-09-20 10:02:10.218,423.7322596291671,7
2024-09-20 10:02:10.274,423.7581252274313,9
2024-09-20 10:02:10.325,423.7123881432224,103
2024-09-20 10:02:10.536,423.75111146766375,11
2024-09-20 10:02:10.951,423.7343464559996,102
2024-09-20 10:02:11.048,423.7791749150326,998
2024-09-20 10:02:11.060,423.7553802433097,98
2024-09-20 10:02:11.064,423.7345095207467,99
2024-09-20 10:02:11.130,423.7836671464238,6
2024-09-20 10:02:11.156,423.7123473356104,996
2024-09-20 10:02:11.189,423.78114734394376,997
2024-09-20 10:02:11.210,423.780266912035,8
2024-09-20 10:02:11.354,423.76649347802993,1004
2024-09-20 10:02:11.393,423.7495906768988,103
2024-09-20 10:02:11.462,423.78455428436894,12
2024-09-20 10:02:11.476,423.7468106223094,1000
2024-09-20 10:02:11.594,423.7377329236783,11
2024-09-20 10:02:11.643,423.7805216721379,11
2024-09-20 10:02:11.644,423.8010708009717,100
2024-09-20 10:02:11.660,423.73270326820506,995
2024-09-20 10:02:11.683,423.70154129315154,998
2024-09-20 10:02:11.833,423.7775006556938,97
2024-09-20 10:02:11.852,423.70991063055,997
2024-09-20 10:02:11.873,423.7423183173381,1000
2024-09-20 10:02:11.941,423.7321816554068,98
2024-09-20 10:02:11.974,423.7169183696533,99
2024-09-20 10:02:14.039,423.7969318298626,1005
2024-09-20 10:02:14.601,423.78414129431343,96
2024-09-20 10:02:14.960,423.79428812087474,105
2024-09-20 10:02:15.025,423.8281395360601,8
2024-09-20 10:02:15.088,423.8264168955872,97
2024-09-20 10:02:15.325,423.803941121862,996
2024-09-20 10:02:15.328,423.82179868419206,101
2024-09-20 10:02:15.375,423.8121844747915,10
2024-09-20 10:02:15.396,423.8185907595199,105
2024-09-20 10:02:15.412,423.81233921499495,102
2024-09-20 10:02:15.469,423.80220187078805,6
2024-09-20 10:02:15.484,423.7829244637098,102
2024-09-20 10:02:15.495,423.80202818113054,1003
2024-09-20 10:02:15.746,423.79381419378336,998
2024-09-20 10:02:15.840,423.818758685175,15
2024-09-20 10:02:15.965,423.8008518024533,11
2024-09-20 10:02:16.012,423.7479874171959,1005
2024-09-20 10:02:16.044,423.8189799467323,1002
2024-09-20 10:02:16.063,423.8230393535011,97
2024-09-20 10:02:16.215,423.7873682718592,96
2024-09-20 10:02:16.247,423.7487413566325,998
2024-09-20 10:02:16.313,423.7874378794405,5
2024-09-20 10:02:16.324,-423.7801390720709,13
2024-09-20 10:02:16.426,423.7559349451568,995
2024-09-20 10:02:16.467,423.8219956465038,995
2024-09-20 10:02:16.586,423.7679331768316,997
2024-09-20 10:02:16.625,423.73711800993306,998
2024-09-20 10:02:16.629,423.7486057068897,9
2024-09-20 10:02:16.739,423.8272932496712,99
2024-09-20 10:02:16.792,423.8192338536866,6
2024-09-20 10:02:16.830,423.7888048824626,11
2024-09-20 10:02:16.875,423.8364701954176,1005
2024-09-20 10:02:16.979,423.8272394773341,7
2024-09-20 10:02:17.014,423.85825199290383,1001
2024-09-20 10:02:17.025,423.8175242169624,101
2024-09-20 10:02:17.252,423.8699974110402,998
2024-09-20 10:02:17.401,423.8509563548,11
2024-09-20 10:02:17.498,423.7989720533751,103
2024-09-20 10:02:17.640,423.8588696202858,5
2024-09-20 10:02:17.690,423.83874688818986,996
2024-09-20 10:02:17.759,423.8549851203884,1004
2024-09-20 10:02:17.800,423.835711640999,1002
2024-09-20 10:02:17.806,423.8520694658603,1005
2024-09-20 10:02:17.811,423.81783877789786,1004
2024-09-20 10:02:17.833,423.8735402797586,102
2024-09-20 10:02:17.905,423.8325651453325,99
2024-09-20 10:02:17.956,423.8059578741918,101
2024-09-20 10:02:17.994,423.86498893888114,997
2024-09-20 10:02:18.238,423.8590886897804,996
2024-09-20 10:02:18.610,423.8574587105869,6
2024-09-20 10:02:19.059,423.829295955323,97
2024-09-20 10:02:19.119,423.83723132592274,12
2024-09-20 10:02:19.238,423.773637409864,11
2024-09-20 10:02:19.249,42.3830007752044,11
2024-09-20 10:02:19.263,423.8628608798528,12
2024-09-20 10:02:19.293,423.8050413697625,996
2024-09-20 10:02:19.313,423.80130940120745,97
2024-09-20 10:02:19.388,423.79552225350704,14
2024-09-20 10:02:19.407,423.8055746278658,98
2024-09-20 10:02:19.408,423.811212166177,997
2024-09-20 10:02:19.431,423.77820197636737,100
2024-09-20 10:02:19.466,423.828866797879,96
2024-09-20 10:02:19.506,423.8074142822964,6
2024-09-20 10:02:19.585,423.87372039300976,105
2024-09-20 10:02:19.668,423.83594151910177,13
2024-09-20 10:02:19.712,423.83085337980606,6
2024-09-20 10:02:19.721,423.80915870950525,1001
2024-09-20 10:02:19.744,423.8194039034785,1004
2024-09-20 10:02:19.773,423.8431968940987,99
2024-09-20 10:02:19.803,423.82917422564265,7
2024-09-20 10:02:19.805,423.83255138101896,1001
2024-09-20 10:02:19.828,,1000
2024-09-20 10:02:19.895,423.8003257437819,1001
2024-09-20 10:02:19.897,423.8093150376966,15
2024-09-20 10:02:19.937,423.78099806807074,97
2024-09-20 10:02:19.981,423.7854090859734,1002
2024-09-20 10:02:20.084,423.8128469699037,6
2024-09-20 10:02:20.359,423.82659346507023,1005
2024-09-20 10:02:20.393,423.8198892082404,97
2024-09-20 10:02:20.630,423.8243445662964,103
2024-09-20 10:02:20.874,423.84270275156143,997
2024-09-20 10:02:21.065,423.7478903653567,995
2024-09-20 10:02:21.102,423.7586448390247,8
2024-09-20 10:02:21.109,423.7647547397559,997
2024-09-20 10:02:21.150,423.7957560027494,999
2024-09-20 10:02:21.225,423.8476556610213,98
2024-09-20 10:02:21.244,423.8108139222133,996
2024-09-20 10:02:21.280,423.747936806058,6
2024-09-20 10:02:21.303,423.7959409983244,98
2024-09-20 10:02:21.303,423.8270982548149,12
2024-09-20 10:02:21.317,423.7702815484042,1001
2024-09-20 10:02:21.363,423.7951020885525,5
2024-09-20 10:02:21.427,423.7658648336557,7
2024-09-20 10:02:21.557,423.7365572329397,10
2024-09-20 10:02:21.579,423.8224238430704,97
2024-09-20 10:02:21.703,423.7421939826055,1003
2024-09-20 10:02:21.721,423.7250122470505,1004
2024-09-20 10:02:21.722,423.7915616860451,997
2024-09-20 10:02:21.789,423.7180229212609,9
2024-09-20 10:02:21.845,423.8447722357739,1004
2024-09-20 10:02:21.868,423.7322919171262,98
2024-09-20 10:02:21.928,423.7407508274857,103
2024-09-20 10:02:21.950,423.7834350475673,11
2024-09-20 10:02:21.961,423.7988065208229,10
2024-09-20 10:02:21.966,423.73917922195466,99
2024-09-20 10:02:22.042,423.75762927617694,10
2024-09-20 10:02:22.129,423.7253431528476,96
2024-09-20 10:02:22.155,,97
2024-09-20 10:02:22.192,423.6910503535652,995
2024-09-20 10:02:22.238,423.7524823658594,997
2024-09-20 10:02:22.266,423.6997659342359,999
2024-09-20 10:02:22.304,423.7482117550909,13
2024-09-20 10:02:22.305,423.7582643209544,10
2024-09-20 10:02:22.346,423.733749845903,1003
2024-09-20 10:02:22.373,423.7258990180465,95
2024-09-20 10:02:22.387,423.7588567494682,1005
2024-09-20 10:02:22.399,423.6982760642486,5
2024-09-20 10:02:22.418,423.7499709886025,11
2024-09-20 10:02:22.524,423.76422803969,13
2024-09-20 10:02:22.534,423.761285353237,10
2024-09-20 10:02:22.604,423.7477285620952,101
2024-09-20 10:02:22.638,423.6917639097081,103
2024-09-20 10:02:22.656,423.7059793250818,95
2024-09-20 10:02:22.663,423.7187891755314,12
2024-09-20 10:02:22.674,423.72636206691794,9
2024-09-20 10:02:22.773,423.71760113063,15
2024-09-20 10:02:22.798,423.70033247226274,12
2024-09-20 10:02:22.813,423.68539729399447,1002
2024-09-20 10:02:22.813,423.727942083634,1002
2024-09-20 10:02:22.851,,15
2024-09-20 10:02:22.950,423.6912664948306,998
2024-09-20 10:02:22.998,423.7128651754714,96
2024-09-20 10:02:23.013,423.7057396659704,101
2024-09-20 10:02:23.054,423.7245536748571,96
2024-09-20 10:02:23.067,423.73674815418656,996
2024-09-20 10:02:23.095,423.70492189263376,1003
2024-09-20 10:02:23.122,423.7196046515788,6
2024-09-20 10:02:23.125,423.7233843171853,11
2024-09-20 10:02:23.154,423.7098744155227,1002
2024-09-20 10:02:23.200,423.7245140942432,101
2024-09-20 10:02:23.234,423.7015311655491,97
2024-09-20 10:02:23.266,423.7318960007465,103
2024-09-20 10:02:23.268,423.7102739433181,1004
2024-09-20 10:02:23.288,423.7114903479667,96
2024-09-20 10:02:23.329,42.371921835669845,1005
2024-09-20 10:02:23.340,423.73620788631854,1001
2024-09-20 10:02:23.393,423.729665992699,998
2024-09-20 10:02:23.551,423.7059397374736,1002
2024-09-20 10:02:23.557,423.719631903362,1003
2024-09-20 10:02:23.575,423.7180078619609,11
2024-09-20 10:02:23.580,423.70545632031866,13
2024-09-20 10:02:23.612,423.7251531525448,5
2024-09-20 10:02:23.732,423.7207941763126,101
2024-09-20 10:02:23.740,423.7324488667195,6
2024-09-20 10:02:23.755,423.7127364984933,7
2024-09-20 10:02:23.771,423.7117988884835,95
2024-09-20 10:02:23.854,423.7175423345087,11
2024-09-20 10:02:23.905,423.7100597288589,5
2024-09-20 10:02:23.947,423.7326348226672,1004
2024-09-20 10:02:23.983,423.6806105223604,99
2024-09-20 10:02:23.989,423.72783568376326,104
2024-09-20 10:02:25.012,423.6529248253966,102
2024-09-20 10:02:25.270,423.7088161380339,995
2024-09-20 10:02:25.413,423.63913591078295,101
2024-09-20 10:02:25.461,423.629563341389,10
2024-09-20 10:02:25.519,423.6713444296553,8
2024-09-20 10:02:25.686,423.6412906038765,996
2024-09-20 10:02:25.879,423.6788490344002,13
2024-09-20 10:02:25.920,423.6750011177854,8
2024-09-20 10:02:25.962,423.6960925533703,11
2024-09-20 10:02:25.997,423.6482581236672,998
2024-09-20 10:02:26.045,423.6424731851365,1004
2024-09-20 10:02:26.081,423.6002128202826,13
2024-09-20 10:02:26.200,423.588848176102,103
2024-09-20 10:02:26.227,423.6548972696932,102
2024-09-20 10:02:26.277,423.6239022292111,995
2024-09-20 10:02:26.299,423.6223545814957,5
2024-09-20 10:02:26.339,423.6268458726674,1004
2024-09-20 10:02:26.398,42.36272923215779,14
2024-09-20 10:02:26.401,423.6441016940026,99
2024-09-20 10:02:26.404,423.6581454615009,100
2024-09-20 10:02:26.446,423.6631329070343,11
2024-09-20 10:02:26.448,423.61816177286704,8
2024-09-20 10:02:26.463,423.6710555542864,96
2024-09-20 10:02:26.474,423.6690604938112,96
2024-09-20 10:02:26.543,423.6513392914289,1002
2024-09-20 10:02:26.570,423.6191498911158,105
2024-09-20 10:02:26.574,423.63640885960666,1001
2024-09-20 10:02:26.577,423.6276771362161,13
2024-09-20 10:02:26.578,423.59957285646936,6
2024-09-20 10:02:26.593,423.665127452255,998
2024-09-20 10:02:26.604,423.6450268762368,100
2024-09-20 10:02:26.732,423.6379722020973,105
2024-09-20 10:02:26.744,423.64187777356136,1001
2024-09-20 10:02:26.783,423.6355268537899,101
2024-09-20 10:02:26.793,423.632922037171,997
2024-09-20 10:02:26.887,423.65155482738567,15
2024-09-20 10:02:26.921,423.57756767061306,1003
2024-09-20 10:02:27.020,-423.5575288865693,998
2024-09-20 10:02:27.031,423.5473799422677,996
2024-09-20 10:02:27.056,423.5464355243837,11
2024-09-20 10:02:27.104,423.5916442895455,1003
2024-09-20 10:02:27.114,,13
2024-09-20 10:02:27.129,423.5588830392281,1000
2024-09-20 10:02:27.161,423.5534212010215,95
2024-09-20 10:02:27.280,423.55159807976486,14
2024-09-20 10:02:27.312,423.5378007854119,14
2024-09-20 10:02:27.419,423.61115572014126,9
2024-09-20 10:02:27.532,423.5275047643889,103
2024-09-20 10:02:27.537,423.5120564044823,995
2024-09-20 10:02:27.546,423.5405741859453,1005
2024-09-20 10:02:27.573,423.5978700196088,15
2024-09-20 10:02:27.613,423.5850208302757,15
2024-09-20 10:02:27.643,423.5486726500234,95
2024-09-20 10:02:27.690,423.59561966825584,97
2024-09-20 10:02:27.698,423.53199209577934,8
2024-09-20 10:02:27.733,423.55048360971335,97
2024-09-20 10:02:27.743,423.55384805787793,11
2024-09-20 10:02:27.764,423.53768417264587,101
2024-09-20 10:02:27.817,423.5131407263299,15
2024-09-20 10:02:27.835,423.5478489040383,6
2024-09-20 10:02:27.844,423.53314188198993,105
2024-09-20 10:02:27.859,423.5551867141343,14
2024-09-20 10:02:27.914,423.5379101089652,13
2024-09-20 10:02:27.927,423.5502319412373,5
2024-09-20 10:02:27.946,423.53033684404215,10
2024-09-20 10:02:28.065,423.5214580978201,998
2024-09-20 10:02:28.124,423.5634567589565,10
2024-09-20 10:02:28.137,423.5074378785002,995
2024-09-20 10:02:28.139,423.5685766116137,15
2024-09-20 10:02:28.147,423.49686694388913,999
2024-09-20 10:02:28.156,423.49726852090686,997
2024-09-20 10:02:28.227,423.56278441555776,7
2024-09-20 10:02:28.243,423.5138099031121,1005
2024-09-20 10:02:28.268,423.4989610538335,10
2024-09-20 10:02:28.285,423.5075619086832,14
2024-09-20 10:02:28.312,423.4947223945072,996
2024-09-20 10:02:28.328,423.4995291654589,8
2024-09-20 10:02:28.376,42.35348659010701,998
2024-09-20 10:02:28.420,423.5334152537204,15
2024-09-20 10:02:28.439,423.5442233945823,12
2024-09-20 10:02:28.529,423.50015853938345,12
2024-09-20 10:02:28.613,423.5420055625447,9
2024-09-20 10:02:28.650,423.4914224921964,10
2024-09-20 10:02:28.651,423.5356723466612,14
2024-09-20 10:02:28.666,423.5462607096648,12
2024-09-20 10:02:28.731,423.5217149236826,97
2024-09-20 10:02:28.743,423.5655957042315,6
2024-09-20 10:02:28.820,423.5754561991432,5
2024-09-20 10:02:28.822,423.5284666993652,1000
2024-09-20 10:02:28.879,423.5215117038703,997
2024-09-20 10:02:28.931,423.512634114211,104
2024-09-20 10:02:28.991,,999
2024-09-20 10:02:29.000,423.5644334447894,104
2024-09-20 10:02:29.012,423.5652061392125,11
2024-09-20 10:02:29.198,423.5798095723364,997
2024-09-20 10:02:29.285,423.568964034277,1001
2024-09-20 10:02:29.326,423.5528334769553,7
2024-09-20 10:02:29.445,423.5588654062112,1000
2024-09-20 10:02:29.573,423.5740426577855,995
2024-09-20 10:02:29.576,423.5680100161089,7
2024-09-20 10:02:29.581,423.5511020489601,104
2024-09-20 10:02:29.599,423.56890818029353,102
2024-09-20 10:02:29.609,423.5782536523474,1004
2024-09-20 10:02:29.622,423.5507357559004,12
2024-09-20 10:02:29.636,423.5769189310292,995
2024-09-20 10:02:29.675,423.5794154777853,10
2024-09-20 10:02:29.679,423.5568816663536,999
2024-09-20 10:02:29.687,423.5570537908566,102
2024-09-20 10:02:29.691,423.5382491636789,13
2024-09-20 10:02:29.752,423.5610130648229,998
2024-09-20 10:02:29.761,423.5389329948696,103
2024-09-20 10:02:29.850,,1003
2024-09-20 10:02:29.851,423.5609158261845,12
2024-09-20 10:02:29.852,423.5682370564719,100
2024-09-20 10:02:29.891,423.58464511411455,103
2024-09-20 10:02:29.893,423.5805772891472,95
2024-09-20 10:02:29.917,423.5722905134462,103
2024-09-20 10:02:29.923,423.53193227315984,998
2024-09-20 10:02:30.000,423.5798651191329,1004
2024-09-20 10:02:30.022,423.575111435447,1004
2024-09-20 10:02:30.132,423.5656232552919,101
2024-09-20 10:02:30.166,423.5669094961965,11
2024-09-20 10:02:30.186,423.560190693066,1003
2024-09-20 10:02:30.327,423.5862793207981,1002
2024-09-20 10:02:30.599,423.5607166766166,11
2024-09-20 10:02:30.872,423.56970639931495,11
2024-09-20 10:02:30.930,423.564481353253,13
2024-09-20 10:02:31.008,423.6169105438355,5
2024-09-20 10:02:31.061,423.5160954925034,105
2024-09-20 10:02:31.067,423.54012930609446,96
2024-09-20 10:02:31.093,423.59560630142914,10
2024-09-20 10:02:31.166,423.5433948169176,98
2024-09-20 10:02:31.209,423.595363303096,13
2024-09-20 10:02:31.225,423.5491949248963,997
2024-09-20 10:02:31.322,423.5695765496778,101
2024-09-20 10:02:31.338,423.5787555076381,1003
2024-09-20 10:02:31.381,423.6094318079201,95
2024-09-20 10:02:31.446,423.53540276253824,6
2024-09-20 10:02:31.567,423.61680818752194,1002
2024-09-20 10:02:31.623,423.596663982152,102
2024-09-20 10:02:31.727,423.5851250573165,1005
2024-09-20 10:02:31.740,423.61994344301417,997
2024-09-20 10:02:31.827,423.5504939826032,98
2024-09-20 10:02:31.872,423.6026270240269,12
2024-09-20 10:02:32.165,423.5223080454099,9
2024-09-20 10:02:32.233,423.5078247764274,12
2024-09-20 10:02:32.606,423.5250007299337,997
2024-09-20 10:02:33.030,423.4822342099452,5
2024-09-20 10:02:33.080,423.4869227868692,14
2024-09-20 10:02:33.365,423.47698151582784,100
2024-09-20 10:02:33.730,423.4907181141334,9
2024-09-20 10:02:33.867,423.4885476140697,13
2024-09-20 10:02:34.023,423.4957474199626,99
2024-09-20 10:02:34.044,423.44965855802167,102
2024-09-20 10:02:34.059,423.4876411434627,95
2024-09-20 10:02:34.072,423.4495818254392,1002
2024-09-20 10:02:34.112,423.5186279704767,99
2024-09-20 10:02:34.117,423.5178589908807,105
2024-09-20 10:02:34.174,42.35289525818106,8
2024-09-20 10:02:34.199,423.4990820467936,995
2024-09-20 10:02:34.230,423.4817446906131,5
2024-09-20 10:02:34.314,423.4633828798283,9
2024-09-20 10:02:34.326,423.4984779260786,99
2024-09-20 10:02:34.413,423.4733117670049,12
2024-09-20 10:02:34.422,423.45998649328425,101
2024-09-20 10:02:34.441,423.4999103543244,998
2024-09-20 10:02:34.642,423.527686021964,14
2024-09-20 10:02:34.643,423.4621973656079,15
2024-09-20 10:02:34.682,423.4662611387732,1001
2024-09-20 10:02:34.722,423.4532052755515,9
2024-09-20 10:02:34.723,423.5239647450676,12
2024-09-20 10:02:34.735,423.4719291164744,96
2024-09-20 10:02:34.741,423.5195745519384,105
2024-09-20 10:02:34.838,423.4971087711386,104
2024-09-20 10:02:34.912,423.4607668691216,104
2024-09-20 10:02:34.914,423.5336065680631,101
2024-09-20 10:02:34.922,423.4960662857473,1005
2024-09-20 10:02:34.926,423.4603557938593,1005
2024-09-20 10:02:34.940,423.4518459190656,99
2024-09-20 10:02:35.029,423.43020963596496,995
2024-09-20 10:02:35.036,423.3899937307158,11
2024-09-20 10:02:35.064,423.4124076328211,1002
2024-09-20 10:02:35.095,423.3778818907784,104
2024-09-20 10:02:35.294,423.4262844271998,97
2024-09-20 10:02:35.310,423.427628379144,14
2024-09-20 10:02:35.395,423.4198772486629,999
2024-09-20 10:02:35.415,,95
2024-09-20 10:02:35.525,423.4399939535109,10
2024-09-20 10:02:35.664,423.4143207945436,95
2024-09-20 10:02:35.665,423.4419302243751,103
2024-09-20 10:02:35.674,423.39729387454713,12
2024-09-20 10:02:35.698,423.4071787958136,13
2024-09-20 10:02:35.706,-423.3855902671232,996
2024-09-20 10:02:35.882,423.4365897142736,13
2024-09-20 10:02:35.951,423.4272822223574,12
2024-09-20 10:02:35.961,423.4079294437259,98
2024-09-20 10:02:35.997,423.42991057475007,95
2024-09-20 10:02:36.014,423.4150476015532,1005
2024-09-20 10:02:36.156,423.43378813186473,15
2024-09-20 10:02:36.185,423.4257464348035,98
2024-09-20 10:02:36.456,423.4154110789876,1003
2024-09-20 10:02:36.460,423.41818086355,5
2024-09-20 10:02:36.477,423.4183829676337,96
2024-09-20 10:02:36.666,423.4243014924896,995
2024-09-20 10:02:36.850,423.411095252322,6
2024-09-20 10:02:37.217,423.3924694079832,101
2024-09-20 10:02:37.228,423.38036820603713,1005
2024-09-20 10:02:37.238,423.4174474331891,1000
2024-09-20 10:02:37.334,423.4065022127909,1003
2024-09-20 10:02:37.366,423.38595019978897,997
2024-09-20 10:02:37.380,423.3910066682174,10
2024-09-20 10:02:37.621,423.4152461862433,999
2024-09-20 10:02:37.697,,5
2024-09-20 10:02:37.987,423.4073118972876,10
2024-09-20 10:02:38.075,423.4031506074424,8
2024-09-20 10:02:38.144,42.33526982968037,1005
2024-09-20 10:02:38.202,423.4078591881992,98
2024-09-20 10:02:38.323,423.3768512519496,99
2024-09-20 10:02:38.326,423.3566730567313,15
2024-09-20 10:02:38.448,423.3669627602734,99
2024-09-20 10:02:38.449,,10
2024-09-20 10:02:38.455,423.3460359508384,1005
2024-09-20 10:02:38.475,423.341852254373,6
2024-09-20 10:02:38.565,423.3902250010493,1003
2024-09-20 10:02:38.585,423.32199420923286,105
2024-09-20 10:02:38.591,423.3627929168495,1000
2024-09-20 10:02:38.632,423.3963780707414,997
2024-09-20 10:02:38.773,423.38958194177,5
2024-09-20 10:02:38.842,423.4114298458118,996
2024-09-20 10:02:38.887,-423.3240715306097,1005
2024-09-20 10:02:38.931,423.3207041159176,1001
2024-09-20 10:02:38.992,423.3928474025796,5
2024-09-20 10:02:39.016,423.32541321532193,14
2024-09-20 10:02:39.099,423.3707959980964,103
2024-09-20 10:02:39.140,423.2872218529736,1004
2024-09-20 10:02:39.194,423.3424562143416,95
2024-09-20 10:02:39.246,423.3085808954611,102
2024-09-20 10:02:39.287,423.3090195984027,101
2024-09-20 10:02:39.374,423.3170167297204,15
2024-09-20 10:02:39.401,423.2919075146153,100
2024-09-20 10:02:39.514,423.33574163952113,998
2024-09-20 10:02:39.524,423.3223352653407,1005
2024-09-20 10:02:39.579,423.31560049700056,14
2024-09-20 10:02:39.655,423.2682565926415,99
2024-09-20 10:02:39.659,423.3763969268894,100
2024-09-20 10:02:39.698,423.39448235579965,12
2024-09-20 10:02:39.741,423.3004222898248,11
2024-09-20 10:02:39.754,423.3525480949396,101
2024-09-20 10:02:39.776,423.3403478577729,105
2024-09-20 10:02:39.812,423.341566650032,15
2024-09-20 10:02:39.827,423.35219255911295,104
2024-09-20 10:02:39.848,423.2875998652505,13
2024-09-20 10:02:39.872,423.3588452275309,995
2024-09-20 10:02:39.877,423.3483158724141,96
2024-09-20 10:02:40.008,423.3806706517361,12
2024-09-20 10:02:40.071,,12
2024-09-20 10:02:40.143,423.3432516035774,15
2024-09-20 10:02:40.195,423.3285623825423,95
2024-09-20 10:02:40.289,423.37550309155193,13
2024-09-20 10:02:40.291,423.3241666493224,995
2024-09-20 10:02:40.303,423.3661340518844,1004
2024-09-20 10:02:40.364,423.3086406127137,12
2024-09-20 10:02:40.431,42.33744871922649,1001
2024-09-20 10:02:40.450,423.3857230701572,97
2024-09-20 10:02:40.455,423.37814446851337,999
2024-09-20 10:02:40.466,423.3629694237307,99
2024-09-20 10:02:40.530,423.3668455058456,5
2024-09-20 10:02:40.555,423.3724456022805,13
2024-09-20 10:02:40.669,423.3859214423948,99
2024-09-20 10:02:40.686,423.3518886685499,9
2024-09-20 10:02:40.741,423.3672071185536,8
2024-09-20 10:02:40.744,423.3109101055945,13
2024-09-20 10:02:40.756,423.37217831539925,998
2024-09-20 10:02:40.772,423.3927805266703,998
2024-09-20 10:02:40.809,423.35334856330377,5
2024-09-20 10:02:40.809,423.3662277520557,10
2024-09-20 10:02:40.888,423.3634549965721,1002
2024-09-20 10:02:40.926,423.35232839091,13
2024-09-20 10:02:40.943,423.35741677894754,103
2024-09-20 10:02:41.153,423.3334204715652,996
2024-09-20 10:02:41.507,423.3378497020064,104
2024-09-20 10:02:41.696,423.3064704009486,6
2024-09-20 10:02:42.095,423.3194991148687,100
2024-09-20 10:02:42.134,423.2945671799116,104
2024-09-20 10:02:42.137,423.2937826215655,14
2024-09-20 10:02:42.158,423.2995354836822,101
2024-09-20 10:02:42.189,423.2678099449472,13
2024-09-20 10:02:42.345,423.29492637936016,95
2024-09-20 10:02:42.350,423.2399036119712,1005
2024-09-20 10:02:42.433,423.2973032519784,5
2024-09-20 10:02:42.447,423.2970842146824,12
2024-09-20 10:02:42.450,423.2733484987472,100
2024-09-20 10:02:42.490,423.286786307228,12
2024-09-20 10:02:42.495,423.2153105848657,1004
2024-09-20 10:02:42.527,423.2736174789916,998
2024-09-20 10:02:42.601,423.3007245666769,1005
2024-09-20 10:02:42.630,423.2619119116008,102
2024-09-20 10:02:42.735,423.2828577046093,1005
2024-09-20 10:02:42.799,423.2858887968421,997
2024-09-20 10:02:42.845,423.2611875461507,8
2024-09-20 10:02:42.940,423.22155140114825,102
2024-09-20 10:02:42.952,423.30134067448256,1001
2024-09-20 10:02:42.968,423.2938595830973,10
2024-09-20 10:02:43.006,423.2175978587268,998
2024-09-20 10:02:43.027,423.1613762979943,997
2024-09-20 10:02:43.057,423.2239584460534,100
2024-09-20 10:02:43.108,423.158221720958,13
2024-09-20 10:02:43.124,423.2191038228209,5
2024-09-20 10:02:43.167,423.18110983316376,1000
2024-09-20 10:02:43.172,423.1896136339919,1003
2024-09-20 10:02:43.211,423.1989652132872,995
2024-09-20 10:02:43.338,423.218395012738,14
2024-09-20 10:02:43.472,423.2008218139754,1003
2024-09-20 10:02:43.472,423.2244104899036,99
2024-09-20 10:02:43.492,423.1579421382437,10
2024-09-20 10:02:43.514,423.213798827711,15
2024-09-20 10:02:43.517,423.1867141665979,997
2024-09-20 10:02:43.539,423.1998423360242,1004
2024-09-20 10:02:43.543,423.189250985983,12
2024-09-20 10:02:43.702,423.1592883179624,14
2024-09-20 10:02:43.761,423.2316138559498,105
2024-09-20 10:02:43.764,423.17677595321055,100
2024-09-20 10:02:43.798,423.2218453392983,99
2024-09-20 10:02:43.821,423.2155658312428,96
2024-09-20 10:02:43.828,423.2268005792448,997
2024-09-20 10:02:43.903,423.2282516408182,1005
2024-09-20 10:02:43.914,423.1670699457797,1004
2024-09-20 10:02:44.072,423.168796759243,10
2024-09-20 10:02:44.098,423.1972126840751,1003
2024-09-20 10:02:44.107,423.1453392468485,1000
2024-09-20 10:02:44.192,423.1545996447432,997
2024-09-20 10:02:44.201,423.2092007163679,7
2024-09-20 10:02:44.372,423.2037939292586,6
2024-09-20 10:02:44.387,423.1884955072073,105
2024-09-20 10:02:44.540,423.15872967448894,100
2024-09-20 10:02:44.550,423.2123589570398,14
2024-09-20 10:02:44.555,423.17496883304136,101
2024-09-20 10:02:44.761,423.1711823244462,15
2024-09-20 10:02:44.792,423.1863973648131,15
2024-09-20 10:02:44.801,423.18306420745006,6
2024-09-20 10:02:44.821,423.1817125203586,97
2024-09-20 10:02:44.959,423.1549078890381,12
2024-09-20 10:02:45.001,423.2766677916294,97
2024-09-20 10:02:45.130,423.2187431503212,1005
2024-09-20 10:02:45.145,-423.2650520801392,995
2024-09-20 10:02:45.161,423.2585495420705,1003
2024-09-20 10:02:45.165,423.2504858987695,102
2024-09-20 10:02:45.226,423.2935182051868,96
2024-09-20 10:02:45.239,423.2986520298215,10
2024-09-20 10:02:45.254,423.272845090959,5
2024-09-20 10:02:45.331,423.2684136729457,101
2024-09-20 10:02:45.455,423.2910761450656,97
2024-09-20 10:02:45.462,423.2735834585797,1001
2024-09-20 10:02:45.467,423.27300514745406,1005
2024-09-20 10:02:45.486,423.2646157015505,12
2024-09-20 10:02:45.541,423.3101719378455,1005
2024-09-20 10:02:45.626,423.2820871525662,10
2024-09-20 10:02:45.641,423.2776915965098,97
2024-09-20 10:02:45.718,423.3154632904331,100
2024-09-20 10:02:45.738,423.2389795617444,995
2024-09-20 10:02:45.783,423.263515456541,7
2024-09-20 10:02:45.819,423.30496870153314,1005
2024-09-20 10:02:45.828,423.28364245534993,14
2024-09-20 10:02:45.832,423.3029574219853,97
2024-09-20 10:02:45.890,423.3047875486959,5
2024-09-20 10:02:45.940,423.2662377182644,1003
2024-09-20 10:02:46.051,423.32079590051,101
2024-09-20 10:02:46.101,423.31684977099735,998
2024-09-20 10:02:46.107,423.292756659571,998
2024-09-20 10:02:46.203,423.27670227192345,997
2024-09-20 10:02:46.265,423.3269329617262,999
2024-09-20 10:02:46.327,423.2658605046457,105
2024-09-20 10:02:46.398,423.3018824557224,100
2024-09-20 10:02:46.399,423.26523905852304,6
2024-09-20 10:02:46.487,423.3229144888388,8
2024-09-20 10:02:46.504,423.3275571134105,13
2024-09-20 10:02:46.521,423.3009379080022,9
2024-09-20 10:02:46.578,423.2844770931536,104
2024-09-20 10:02:46.597,423.2908388031229,1000
2024-09-20 10:02:46.627,423.3118600757677,102
2024-09-20 10:02:46.653,423.32079581451575,8
2024-09-20 10:02:46.656,423.3315521021226,1003
2024-09-20 10:02:46.661,423.31139770150565,8
2024-09-20 10:02:46.758,423.3434774346974,96
2024-09-20 10:02:46.780,423.3219152539527,9
2024-09-20 10:02:46.793,423.27373734340335,95
2024-09-20 10:02:46.969,423.293373970722,996
2024-09-20 10:02:47.264,423.2418416935751,995
2024-09-20 10:02:48.160,423.2323964189745,1000
2024-09-20 10:02:48.198,423.24975955464606,9
2024-09-20 10:02:48.349,423.1864601510945,99
2024-09-20 10:02:48.444,423.19709542002994,15
2024-09-20 10:02:48.474,423.21841395827965,95
2024-09-20 10:02:48.518,423.1906193838347,8
2024-09-20 10:02:48.769,423.22384557966,5
2024-09-20 10:02:48.801,423.2030345302423,99
2024-09-20 10:02:49.027,423.1178610271189,999
2024-09-20 10:02:49.122,423.1860167980317,7
2024-09-20 10:02:49.129,423.2024478309843,8
2024-09-20 10:02:49.141,423.1184278266506,998
2024-09-20 10:02:49.155,423.1752483611695,1004
2024-09-20 10:02:49.254,423.1507204905454,998
2024-09-20 10:02:49.338,423.1122854504925,999
2024-09-20 10:02:49.392,423.14757590954326,998
2024-09-20 10:02:49.601,423.1384090645622,96
2024-09-20 10:02:49.862,423.14552802367103,101
2024-09-20 10:02:50.132,423.0842147835675,10
2024-09-20 10:02:51.117,423.07588665216406,1005
2024-09-20 10:02:51.140,423.1091143039888,6
2024-09-20 10:02:51.245,423.06627540780585,98
2024-09-20 10:02:51.344,423.102175295583,96
2024-09-20 10:02:51.420,423.098455529867,103
2024-09-20 10:02:51.527,423.0830247243684,100
2024-09-20 10:02:51.536,423.105867701824,105
2024-09-20 10:02:51.579,423.0894539204147,5
2024-09-20 10:02:51.654,423.06584790325496,1002
2024-09-20 10:02:51.726,423.03857241256617,101
2024-09-20 10:02:51.744,423.0967601061684,105
2024-09-20 10:02:51.746,423.0622945987898,97
2024-09-20 10:02:51.818,423.0627742209741,12
2024-09-20 10:02:51.906,423.09327036876334,1003
2024-09-20 10:02:51.949,42.30912474465643,99
2024-09-20 10:02:51.966,423.06816774023713,99
2024-09-20 10:02:51.979,423.046937944116,15
2024-09-20 10:02:52.480,423.0570321153935,6
2024-09-20 10:02:53.231,423.03903178395154,5
2024-09-20 10:02:53.361,422.9872539775412,15
2024-09-20 10:02:53.380,422.9739717214653,102
2024-09-20 10:02:53.437,423.00485290190926,98
2024-09-20 10:02:53.570,423.0094618804727,97
2024-09-20 10:02:53.596,422.978032215381,1004
2024-09-20 10:02:53.605,422.97175936930654,999
2024-09-20 10:02:53.616,422.9939035043772,10
2024-09-20 10:02:53.643,422.9756076341853,101
2024-09-20 10:02:53.749,422.97118327006814,95
2024-09-20 10:02:53.793,422.9947078002894,995
2024-09-20 10:02:53.820,422.9923336528707,14
2024-09-20 10:02:53.922,422.9720685506532,997
2024-09-20 10:02:54.211,422.9840577493876,1001
2024-09-20 10:02:54.290,422.9074482181984,1000
2024-09-20 10:02:54.299,422.9599227659354,995
2024-09-20 10:02:54.328,422.9533833134387,995
2024-09-20 10:02:54.395,422.9493961472968,1000
2024-09-20 10:02:54.401,422.98540522368233,5
2024-09-20 10:02:54.452,422.9829232281009,8
2024-09-20 10:02:54.479,422.9391281522768,1004
2024-09-20 10:02:54.518,422.9384481273493,7
2024-09-20 10:02:54.619,422.9672087835416,98
2024-09-20 10:02:54.629,422.99826612371226,6
2024-09-20 10:02:54.687,422.94557564920257,95
2024-09-20 10:02:54.691,422.9693261217906,10
2024-09-20 10:02:54.704,422.95602841298216,10
2024-09-20 10:02:54.718,422.98126863766566,10
2024-09-20 10:02:54.740,,6
2024-09-20 10:02:54.765,422.9836773666398,14
2024-09-20 10:02:54.850,422.95185484997,10
2024-09-20 10:02:54.870,422.9023645954663,1004
2024-09-20 10:02:54.883,422.9515491220161,11
2024-09-20 10:02:54.919,422.8918148038621,7
2024-09-20 10:02:54.932,422.9384137539686,102
2024-09-20 10:02:55.032,422.85292052719166,100
2024-09-20 10:02:55.052,422.9134670924353,104
2024-09-20 10:02:55.089,422.8252135280421,13
2024-09-20 10:02:55.092,422.8258885484303,1000
2024-09-20 10:02:55.115,422.8218106271215,100
2024-09-20 10:02:55.120,42.28242739363769,97
2024-09-20 10:02:55.178,422.84700984051045,8
2024-09-20 10:02:55.239,422.8188314079442,12
2024-09-20 10:02:55.253,422.861472623639,999
2024-09-20 10:02:55.263,422.8828892206345,15
2024-09-20 10:02:55.386,422.8324803782426,100
2024-09-20 10:02:55.406,422.8229168670796,7
2024-09-20 10:02:55.536,422.8374379079354,998
2024-09-20 10:02:55.607,422.84539159115866,10
2024-09-20 10:02:55.626,422.8535815344092,105
2024-09-20 10:02:55.665,422.8659021027835,102
2024-09-20 10:02:55.706,422.8246019982095,5
2024-09-20 10:02:55.708,422.8118438768837,100
2024-09-20 10:02:55.732,422.88518985047705,98
2024-09-20 10:02:55.771,422.84167101731856,105
2024-09-20 10:02:55.789,422.8488730420732,11
2024-09-20 10:02:55.843,422.84398296607617,1001
2024-09-20 10:02:55.857,422.87857721169297,1001
2024-09-20 10:02:55.941,422.8826258139277,99
2024-09-20 10:02:55.964,422.85110511497663,104
2024-09-20 10:02:55.990,422.8560952706618,13
2024-09-20 10:02:56.430,422.8466622323701,95
2024-09-20 10:02:56.608,422.8336701122396,104
2024-09-20 10:02:56.751,422.83513829677423,7
2024-09-20 10:02:57.076,422.8895770399458,6
2024-09-20 10:02:57.198,422.8584640835406,97
2024-09-20 10:02:57.216,422.9048310055763,99
2024-09-20 10:02:57.579,422.8834309479415,14
2024-09-20 10:02:57.622,422.8983303123893,5
2024-09-20 10:02:57.631,422.876593476646,96
2024-09-20 10:02:57.915,422.8985268347327,10
2024-09-20 10:02:58.030,422.8878610913025,15
2024-09-20 10:02:58.069,422.877016044508,998
2024-09-20 10:02:58.224,422.89489568796137,98
2024-09-20 10:02:58.505,422.8778298803123,1002
2024-09-20 10:02:58.709,422.8858270370803,5
2024-09-20 10:02:58.741,422.8887743179537,12
2024-09-20 10:02:58.964,422.8912321957371,14
