Timestamp,Price,Size
2024-09-17 12:43:00.034,403.9885078220798,995
2024-09-17 12:43:00.036,403.98601845442073,103
2024-09-17 12:43:00.080,404.0428254012361,14
2024-09-17 12:43:00.228,404.0351293590519,96
2024-09-17 12:43:00.281,404.017501521789,5
2024-09-17 12:43:00.334,404.01588452559054,96
2024-09-17 12:43:00.345,404.0401508168874,105
2024-09-17 12:43:00.359,404.0331553100272,998
2024-09-17 12:43:00.444,404.0212865519197,100
2024-09-17 12:43:00.461,404.0242120251098,995
2024-09-17 12:43:00.606,403.9989152967658,13
2024-09-17 12:43:00.668,404.0104951768682,104
2024-09-17 12:43:00.699,404.0183326792381,7
2024-09-17 12:43:00.702,404.0044426953395,998
2024-09-17 12:43:00.726,404.0352012355054,15
2024-09-17 12:43:00.732,404.0003443567679,104
2024-09-17 12:43:00.776,404.01796578618814,998
2024-09-17 12:43:00.780,403.9986758465499,13
2024-09-17 12:43:00.839,404.0388856557645,996
2024-09-17 12:43:00.899,403.9916011446962,13
2024-09-17 12:43:00.939,404.0268246344452,11
2024-09-17 12:43:00.952,404.0096060006844,102
2024-09-17 12:43:00.954,404.0392441452916,7
2024-09-17 12:43:00.971,404.03853806789954,96
2024-09-17 12:43:00.982,404.03050978391377,1005
2024-09-17 12:43:01.010,403.9608065884086,13
2024-09-17 12:43:01.075,403.93417329959607,99
2024-09-17 12:43:01.104,403.9628212452601,12
2024-09-17 12:43:01.111,403.9721111296053,101
2024-09-17 12:43:01.118,-403.9467110771165,10
2024-09-17 12:43:01.167,403.9834686473618,5
2024-09-17 12:43:01.221,403.944768028055,1005
2024-09-17 12:43:01.264,403.94767890831184,1003
2024-09-17 12:43:01.294,403.9729884696273,13
2024-09-17 12:43:01.509,404.023634702952,13
2024-09-17 12:43:01.520,404.0614048859017,1002
2024-09-17 12:43:01.534,403.9945167568338,6
2024-09-17 12:43:01.667,403.9253523419041,100
2024-09-17 12:43:01.712,404.0132835040266,13
2024-09-17 12:43:01.715,403.9449561380466,96
2024-09-17 12:43:01.716,404.0526657508631,99
2024-09-17 12:43:01.776,403.9254125644588,7
2024-09-17 12:43:01.803,403.96149899828856,1005
2024-09-17 12:43:01.815,403.9580626178047,102
2024-09-17 12:43:01.819,403.983903472105,5
2024-09-17 12:43:01.826,403.93770751796063,1002
2024-09-17 12:43:01.829,404.0045218265786,1002
2024-09-17 12:43:01.831,404.0205288005465,1003
2024-09-17 12:43:01.847,403.9397407851666,102
2024-09-17 12:43:01.863,403.9423680015132,996
2024-09-17 12:43:01.881,403.9895719122787,998
2024-09-17 12:43:01.900,404.019982878606,13
2024-09-17 12:43:01.957,403.97276931567086,96
2024-09-17 12:43:01.974,403.9905746328293,1000
2024-09-17 12:43:02.161,404.0490205990499,9
2024-09-17 12:43:02.180,404.0323447389279,14
2024-09-17 12:43:02.256,404.058346848727,96
2024-09-17 12:43:02.306,404.05425237038816,105
2024-09-17 12:43:02.462,404.0453327812776,995
2024-09-17 12:43:02.474,404.0368132282582,1002
2024-09-17 12:43:02.476,404.0351546709553,97
2024-09-17 12:43:02.549,404.0257905051176,6
2024-09-17 12:43:02.595,404.032036368918,6
2024-09-17 12:43:02.833,404.0585846813336,1004
2024-09-17 12:43:02.914,404.0633728671594,997
2024-09-17 12:43:03.035,404.0177681176992,7
2024-09-17 12:43:03.192,404.0323010950278,12
2024-09-17 12:43:03.333,404.0567268781292,102
2024-09-17 12:43:03.342,404.1041997307506,13
2024-09-17 12:43:03.388,404.0436265175284,96
2024-09-17 12:43:03.398,404.0811127496921,98
2024-09-17 12:43:03.453,404.1074040301624,996
2024-09-17 12:43:03.488,404.0581987987426,97
2024-09-17 12:43:03.521,404.0247339507387,996
2024-09-17 12:43:03.716,404.0361952234148,95
2024-09-17 12:43:03.725,404.0389891802066,999
2024-09-17 12:43:03.726,404.01168039583393,100
2024-09-17 12:43:03.850,404.0309650100107,14
2024-09-17 12:43:03.873,404.0199819185463,98
2024-09-17 12:43:03.885,404.0395015217699,1005
2024-09-17 12:43:03.909,404.01567689045936,95
2024-09-17 12:43:03.961,404.07831019935367,97
2024-09-17 12:43:04.360,404.1135934264724,5
2024-09-17 12:43:04.401,404.1156376761746,999
2024-09-17 12:43:04.724,404.1206291531856,8
2024-09-17 12:43:04.972,404.1216402302575,14
2024-09-17 12:43:05.075,404.1379236082388,6
2024-09-17 12:43:05.098,404.0979659604036,995
2024-09-17 12:43:05.099,404.1455217005894,1002
2024-09-17 12:43:05.104,404.1363757334185,14
2024-09-17 12:43:05.126,404.12857453780407,996
2024-09-17 12:43:05.130,404.1353215265944,14
2024-09-17 12:43:05.161,404.112611640992,101
2024-09-17 12:43:05.193,404.1094174026375,996
2024-09-17 12:43:05.216,404.1551926164441,1005
2024-09-17 12:43:05.288,404.1337330530459,14
2024-09-17 12:43:05.392,404.14263364171705,997
2024-09-17 12:43:05.402,404.15457353385176,98
2024-09-17 12:43:05.406,404.1663972341843,1002
2024-09-17 12:43:05.457,404.1305514930738,1002
2024-09-17 12:43:05.468,404.1472518289014,5
2024-09-17 12:43:05.583,404.08318461388245,6
2024-09-17 12:43:05.691,,997
2024-09-17 12:43:05.733,404.09023589626406,7
2024-09-17 12:43:05.739,404.1319246767269,103
2024-09-17 12:43:05.778,404.1726113729552,995
2024-09-17 12:43:05.798,404.1713899809504,995
2024-09-17 12:43:05.798,404.1540948228226,103
2024-09-17 12:43:05.875,404.12348701435616,6
2024-09-17 12:43:05.899,404.11669674065456,1003
2024-09-17 12:43:05.906,404.14157838537466,101
2024-09-17 12:43:05.911,404.117289929765,5
2024-09-17 12:43:05.916,404.1341865790378,104
2024-09-17 12:43:05.951,404.1347865359437,102
2024-09-17 12:43:05.997,404.1473191502202,1000
2024-09-17 12:43:06.003,404.2057014469351,100
2024-09-17 12:43:06.021,-404.2730336881104,999
2024-09-17 12:43:06.027,404.1657561460824,100
2024-09-17 12:43:06.055,404.1615786535551,96
2024-09-17 12:43:06.067,404.1657254023775,996
2024-09-17 12:43:06.089,404.19961910724567,13
2024-09-17 12:43:06.091,404.2151636575748,7
2024-09-17 12:43:06.162,404.235933752121,5
2024-09-17 12:43:06.188,,1002
2024-09-17 12:43:06.224,404.1468128488718,995
2024-09-17 12:43:06.318,-404.2345923242648,15
2024-09-17 12:43:06.319,404.1939523840045,1003
2024-09-17 12:43:06.355,404.2510505230385,104
2024-09-17 12:43:06.365,404.1674196268652,14
2024-09-17 12:43:06.367,404.20175137349975,103
2024-09-17 12:43:06.400,404.2266976019454,1004
2024-09-17 12:43:06.462,404.2330141096412,105
2024-09-17 12:43:06.487,404.153775934852,105
2024-09-17 12:43:06.585,404.2113200643993,97
2024-09-17 12:43:06.692,404.2792067369127,11
2024-09-17 12:43:06.773,404.15659768256967,100
2024-09-17 12:43:06.781,404.1998111910888,105
2024-09-17 12:43:06.820,404.1571571397759,1000
2024-09-17 12:43:06.899,404.17093612899816,101
2024-09-17 12:43:06.977,-404.2174777664982,103
2024-09-17 12:43:07.176,404.2857708105496,997
2024-09-17 12:43:07.232,404.2796716525745,1002
2024-09-17 12:43:07.440,404.2841611686839,97
2024-09-17 12:43:07.613,40.42847338517498,1002
2024-09-17 12:43:07.844,404.27531050420976,999
2024-09-17 12:43:07.913,404.2728335498212,11
2024-09-17 12:43:07.979,404.264950864715,13
2024-09-17 12:43:08.256,404.28646555166665,102
2024-09-17 12:43:08.269,404.2894802213316,101
2024-09-17 12:43:08.314,404.2888410736539,7
2024-09-17 12:43:08.450,404.27301901213656,1000
2024-09-17 12:43:08.485,404.31153099863496,99
2024-09-17 12:43:08.691,404.2682804439199,1005
2024-09-17 12:43:08.773,404.27891355108216,1002
2024-09-17 12:43:08.782,404.3100510000364,14
2024-09-17 12:43:08.830,404.3045369196663,998
2024-09-17 12:43:08.945,404.2963508340634,14
2024-09-17 12:43:09.096,404.3181575434128,98
2024-09-17 12:43:09.121,404.3361896048749,13
2024-09-17 12:43:09.180,404.3189034745444,103
2024-09-17 12:43:09.298,404.3357583290807,11
2024-09-17 12:43:09.349,404.3358475338111,7
2024-09-17 12:43:09.516,404.33963094141257,101
2024-09-17 12:43:09.565,404.32189645792624,13
2024-09-17 12:43:09.619,404.3015487223204,995
2024-09-17 12:43:09.628,404.340197073264,995
2024-09-17 12:43:09.690,404.3163726368416,996
2024-09-17 12:43:09.751,404.3057036834636,15
2024-09-17 12:43:09.788,404.309533673175,13
2024-09-17 12:43:09.809,404.3114163582371,105
2024-09-17 12:43:09.858,404.3268529473744,1000
2024-09-17 12:43:09.871,404.3257987979219,99
2024-09-17 12:43:09.941,404.3446843465606,10
2024-09-17 12:43:09.965,404.3281170813378,999
2024-09-17 12:43:09.985,404.3105659029387,996
2024-09-17 12:43:09.986,404.31607660085183,13
2024-09-17 12:43:09.987,404.3255947223923,14
2024-09-17 12:43:10.709,404.3214767136812,1001
2024-09-17 12:43:10.862,404.31937722433145,1000
2024-09-17 12:43:10.911,404.3002319303592,14
2024-09-17 12:43:11.059,404.3055149288449,105
2024-09-17 12:43:11.088,40.42989405271192,5
2024-09-17 12:43:11.143,-404.2929707350517,96
2024-09-17 12:43:11.175,404.3195602266057,996
2024-09-17 12:43:11.181,404.3117269091627,1002
2024-09-17 12:43:11.256,404.29887076198753,997
2024-09-17 12:43:11.373,404.2871634627565,95
2024-09-17 12:43:11.563,404.3033723712329,997
2024-09-17 12:43:11.605,404.3391655654589,6
2024-09-17 12:43:11.678,404.3069633009552,95
2024-09-17 12:43:11.699,404.2880266430621,101
2024-09-17 12:43:11.796,404.2852773849664,998
2024-09-17 12:43:11.883,404.3187375841857,97
2024-09-17 12:43:11.966,404.3311483492949,6
2024-09-17 12:43:12.004,404.4042093038281,998
2024-09-17 12:43:12.013,404.4252523777732,1003
2024-09-17 12:43:12.073,404.3892839858598,15
2024-09-17 12:43:12.085,-404.39688939489326,997
2024-09-17 12:43:12.111,404.39273390407135,6
2024-09-17 12:43:12.163,404.3308164351763,1005
2024-09-17 12:43:12.203,404.4337488309958,998
2024-09-17 12:43:12.310,404.3929221568381,97
2024-09-17 12:43:12.387,404.332753467653,102
2024-09-17 12:43:12.464,404.4354423061383,96
2024-09-17 12:43:12.469,404.3218295113994,997
2024-09-17 12:43:12.511,404.4243604384189,96
2024-09-17 12:43:12.526,404.38100554164254,996
2024-09-17 12:43:12.556,404.3690049204894,96
2024-09-17 12:43:12.708,404.33056861459903,97
2024-09-17 12:43:12.802,404.4026935019367,95
2024-09-17 12:43:12.843,404.4143578050477,1000
2024-09-17 12:43:12.891,404.45421287620593,8
2024-09-17 12:43:12.946,404.4446282293621,998
2024-09-17 12:43:13.005,404.4128689562572,8
2024-09-17 12:43:13.206,404.4182461356882,105
2024-09-17 12:43:13.256,404.41251404359326,11
2024-09-17 12:43:13.256,404.42487156175673,6
2024-09-17 12:43:13.287,404.4119811016226,14
2024-09-17 12:43:13.488,404.4054184475872,7
2024-09-17 12:43:13.511,404.4099182925415,11
2024-09-17 12:43:13.625,404.4257132586395,12
2024-09-17 12:43:13.962,404.4125410179422,96
2024-09-17 12:43:13.978,404.4117352639843,7
2024-09-17 12:43:13.989,404.4111768203925,12
2024-09-17 12:43:14.025,404.4259659458566,1002
2024-09-17 12:43:14.031,404.4186021233084,1001
2024-09-17 12:43:14.182,404.39478439157534,105
2024-09-17 12:43:14.248,404.41314136971846,998
2024-09-17 12:43:14.342,404.4080916924462,13
2024-09-17 12:43:14.363,404.4164569791092,996
2024-09-17 12:43:14.420,404.411200245454,15
2024-09-17 12:43:14.503,404.3872256708717,12
2024-09-17 12:43:14.528,404.42589138951183,98
2024-09-17 12:43:14.555,404.4215447180745,95
2024-09-17 12:43:14.602,404.4112332974076,11
2024-09-17 12:43:14.628,404.4301984319857,100
2024-09-17 12:43:14.634,404.4099003778177,104
2024-09-17 12:43:14.746,404.394695206278,97
2024-09-17 12:43:14.857,404.4128037053101,998
2024-09-17 12:43:14.866,404.4032021201919,101
2024-09-17 12:43:14.935,404.4243293047101,1001
2024-09-17 12:43:14.963,404.41547188975954,5
2024-09-17 12:43:14.972,404.4107098498724,100
2024-09-17 12:43:15.001,404.413628143645,102
2024-09-17 12:43:15.013,404.3422095676861,7
2024-09-17 12:43:15.025,404.4018602625108,7
2024-09-17 12:43:15.106,404.36112199512667,1001
2024-09-17 12:43:15.125,404.3756080220084,7
2024-09-17 12:43:15.176,404.338164909542,99
2024-09-17 12:43:15.184,404.4344868300352,999
2024-09-17 12:43:15.248,404.36602221518297,100
2024-09-17 12:43:15.308,404.3600053459977,1005
2024-09-17 12:43:15.318,404.4282854316972,1000
2024-09-17 12:43:15.399,404.3920630198077,9
2024-09-17 12:43:15.492,404.4471577069127,1005
2024-09-17 12:43:15.511,404.3662342267754,13
2024-09-17 12:43:15.526,404.4222838363103,997
2024-09-17 12:43:15.632,404.3377652302004,100
2024-09-17 12:43:15.643,404.3416610261328,15
2024-09-17 12:43:15.674,404.3436202100917,999
2024-09-17 12:43:15.762,404.3703556440772,98
2024-09-17 12:43:15.782,404.3956299069913,13
2024-09-17 12:43:15.998,404.3686002638525,99
2024-09-17 12:43:16.046,404.3255734991696,97
2024-09-17 12:43:16.110,404.2527880043496,101
2024-09-17 12:43:16.162,404.3408797121679,997
2024-09-17 12:43:16.166,404.2538743544175,104
2024-09-17 12:43:16.327,404.2500066494292,98
2024-09-17 12:43:16.327,404.3192732060056,12
2024-09-17 12:43:16.375,,1005
2024-09-17 12:43:16.387,404.2553017916404,105
2024-09-17 12:43:16.468,,995
2024-09-17 12:43:16.477,404.28481064766606,15
2024-09-17 12:43:16.481,404.2638129735818,1005
2024-09-17 12:43:16.485,404.2969648916721,98
2024-09-17 12:43:16.522,404.2882163647717,11
2024-09-17 12:43:16.529,404.3285928261552,996
2024-09-17 12:43:16.605,404.2608651555042,1002
2024-09-17 12:43:16.619,404.3268711050038,11
2024-09-17 12:43:16.758,404.2875866683237,11
2024-09-17 12:43:16.819,404.307823076008,97
2024-09-17 12:43:16.821,404.277142274441,15
2024-09-17 12:43:16.835,404.24578535944767,6
2024-09-17 12:43:16.940,404.2673476994103,1002
2024-09-17 12:43:16.994,404.3503429437748,101
2024-09-17 12:43:17.027,404.1996474394484,7
2024-09-17 12:43:17.040,404.1734384003296,1001
2024-09-17 12:43:17.095,404.20204016176007,999
2024-09-17 12:43:17.103,404.19767030122847,15
2024-09-17 12:43:17.131,404.1973911448843,1002
2024-09-17 12:43:17.147,404.1801767171072,13
2024-09-17 12:43:17.218,404.19241635358816,1001
2024-09-17 12:43:17.266,-404.192000064513,1004
2024-09-17 12:43:17.322,404.2112746851005,104
2024-09-17 12:43:17.328,404.1944930863156,997
2024-09-17 12:43:17.361,404.1968237183788,1004
2024-09-17 12:43:17.364,,102
2024-09-17 12:43:17.371,404.1752019407708,98
2024-09-17 12:43:17.430,404.16916053301327,102
2024-09-17 12:43:17.445,404.1792707629336,100
2024-09-17 12:43:17.584,404.1732796708509,14
2024-09-17 12:43:17.594,404.1944460819336,101
2024-09-17 12:43:17.645,404.2387970699223,97
2024-09-17 12:43:17.657,404.1757152884358,98
2024-09-17 12:43:17.661,404.1693772552158,1000
2024-09-17 12:43:17.700,404.1609045460368,9
2024-09-17 12:43:17.727,404.1817641557787,1000
2024-09-17 12:43:17.748,404.1995056091736,996
2024-09-17 12:43:17.761,404.1803738039519,98
2024-09-17 12:43:17.800,404.15998439031296,14
2024-09-17 12:43:17.855,404.188398565669,13
2024-09-17 12:43:17.878,404.1787960718314,102
2024-09-17 12:43:17.989,404.17406303303466,13
2024-09-17 12:43:18.029,404.2387425354684,997
2024-09-17 12:43:18.144,404.2597833190212,995
2024-09-17 12:43:18.186,404.2099565235066,14
2024-09-17 12:43:18.222,404.1839970808107,102
2024-09-17 12:43:18.247,404.21218905476405,1003
2024-09-17 12:43:18.304,404.2704953238416,1002
2024-09-17 12:43:18.557,404.15326033373657,1002
2024-09-17 12:43:18.626,404.24928338209065,103
2024-09-17 12:43:18.668,404.1585131706038,1000
2024-09-17 12:43:18.686,404.23150712878623,997
2024-09-17 12:43:18.690,404.1925312212627,104
2024-09-17 12:43:18.799,404.163560870213,104
2024-09-17 12:43:18.823,404.1903355707834,95
2024-09-17 12:43:18.831,404.20427354845526,1004
2024-09-17 12:43:18.910,404.1713792742799,98
2024-09-17 12:43:18.939,404.1536696686023,1003
2024-09-17 12:43:18.943,404.1979853415378,105
2024-09-17 12:43:18.956,404.1736467895149,995
2024-09-17 12:43:18.998,404.1693469068212,5
2024-09-17 12:43:19.203,404.1862755156823,12
2024-09-17 12:43:19.215,404.1929314348824,1001
2024-09-17 12:43:19.285,404.2326833455297,103
2024-09-17 12:43:19.836,404.181212770206,1005
2024-09-17 12:43:19.863,404.1655530581025,997
2024-09-17 12:43:19.905,404.23953513328433,14
2024-09-17 12:43:19.908,404.1878442804205,998
2024-09-17 12:43:19.941,404.1588523200904,8
2024-09-17 12:43:19.953,404.21908746960025,9
2024-09-17 12:43:20.026,404.233136846818,1004
2024-09-17 12:43:20.042,404.21971635644974,96
2024-09-17 12:43:20.102,404.2417370468354,100
2024-09-17 12:43:20.133,404.230971901666,98
2024-09-17 12:43:20.167,404.25732775403327,101
2024-09-17 12:43:20.178,404.2291086050407,100
2024-09-17 12:43:20.210,404.2322740293682,96
2024-09-17 12:43:20.211,404.2376460307962,997
2024-09-17 12:43:20.213,404.2588223193554,5
2024-09-17 12:43:20.260,404.2510721183156,8
2024-09-17 12:43:20.285,404.2352814203376,9
2024-09-17 12:43:20.305,404.2250944957278,6
2024-09-17 12:43:20.415,404.2631099476941,95
2024-09-17 12:43:20.441,404.2009063302745,102
2024-09-17 12:43:20.441,404.25644034190566,10
2024-09-17 12:43:20.479,404.2006027904112,102
2024-09-17 12:43:20.496,404.1847542500324,11
2024-09-17 12:43:20.604,404.1818367233113,13
2024-09-17 12:43:20.625,404.2413821756503,103
2024-09-17 12:43:20.669,404.25866319688527,104
2024-09-17 12:43:20.694,404.2409438401098,95
2024-09-17 12:43:20.707,404.2537382951672,104
2024-09-17 12:43:20.721,40.41912142882636,8
2024-09-17 12:43:20.722,404.26027761637056,10
2024-09-17 12:43:20.824,404.27010322670014,97
2024-09-17 12:43:20.839,404.2526684505403,7
2024-09-17 12:43:20.939,404.1782552197195,999
2024-09-17 12:43:20.986,,97
2024-09-17 12:43:20.994,404.2479083696927,7
2024-09-17 12:43:21.053,404.2884627211532,15
2024-09-17 12:43:21.100,404.22667420733217,105
2024-09-17 12:43:21.145,404.2191029630729,1005
2024-09-17 12:43:21.163,404.2703701444269,10
2024-09-17 12:43:21.165,404.2305046077262,1002
2024-09-17 12:43:21.218,404.2577564739596,7
2024-09-17 12:43:21.349,404.2495086585358,96
2024-09-17 12:43:21.362,404.23689126801145,12
2024-09-17 12:43:21.368,404.218659336695,98
2024-09-17 12:43:21.443,404.2786772110408,14
2024-09-17 12:43:21.525,404.2292880565973,15
2024-09-17 12:43:21.557,404.2500594515124,1004
2024-09-17 12:43:21.567,404.21550855391047,1004
2024-09-17 12:43:21.599,404.2245268108742,14
2024-09-17 12:43:21.719,404.28119907355136,1003
2024-09-17 12:43:21.747,404.2638870831127,96
2024-09-17 12:43:21.829,404.28322446841537,996
2024-09-17 12:43:21.829,404.2667525208129,1003
2024-09-17 12:43:21.870,404.2206182463052,105
2024-09-17 12:43:21.873,404.26650635108217,104
2024-09-17 12:43:21.898,404.2251567196897,998
2024-09-17 12:43:21.906,404.2287904321914,98
2024-09-17 12:43:21.937,404.2274906277083,15
2024-09-17 12:43:22.042,404.3195411257204,1000
2024-09-17 12:43:22.106,404.3029963246688,9
2024-09-17 12:43:22.150,404.3041596330803,105
2024-09-17 12:43:22.390,404.3156466318912,105
2024-09-17 12:43:22.467,404.2865088730904,6
2024-09-17 12:43:22.581,404.2893269176788,14
2024-09-17 12:43:22.597,404.2988782295266,1003
2024-09-17 12:43:22.616,404.2942258935398,105
2024-09-17 12:43:22.643,404.2886025092389,1000
2024-09-17 12:43:22.824,404.31251619384926,996
2024-09-17 12:43:22.850,404.2956477143802,999
2024-09-17 12:43:22.864,404.28039371873786,1003
2024-09-17 12:43:22.931,40.42963461928392,7
2024-09-17 12:43:22.933,404.2853844879172,95
2024-09-17 12:43:22.988,404.2890711279468,8
2024-09-17 12:43:23.044,404.32405844702174,98
2024-09-17 12:43:23.110,404.3632974438857,1000
2024-09-17 12:43:23.209,404.2987468551184,12
2024-09-17 12:43:23.265,404.3088354037669,98
2024-09-17 12:43:23.280,404.3285382294257,995
2024-09-17 12:43:23.286,404.3867877454492,99
2024-09-17 12:43:23.310,404.35243697319504,9
2024-09-17 12:43:23.351,404.38662684232605,995
2024-09-17 12:43:23.370,404.39179491180096,7
2024-09-17 12:43:23.395,404.304315921046,1004
2024-09-17 12:43:23.442,404.3047933606911,96
2024-09-17 12:43:23.548,404.286839457072,103
2024-09-17 12:43:23.586,404.3408870236504,12
2024-09-17 12:43:23.710,404.3265198276838,997
2024-09-17 12:43:23.718,404.3646050963095,11
2024-09-17 12:43:23.763,404.3339608036301,105
2024-09-17 12:43:23.772,404.3110019873319,1002
2024-09-17 12:43:23.814,404.3584818974654,998
2024-09-17 12:43:23.850,404.3098405220567,996
2024-09-17 12:43:23.889,404.3296465394035,103
2024-09-17 12:43:23.919,404.3220738966766,12
2024-09-17 12:43:23.944,404.307939021996,1004
2024-09-17 12:43:24.128,404.39431438894,996
2024-09-17 12:43:24.254,404.3927128342852,7
2024-09-17 12:43:24.316,404.354357069756,5
2024-09-17 12:43:24.536,404.37816948588295,1001
2024-09-17 12:43:24.705,404.3743749436749,14
2024-09-17 12:43:24.907,404.3808995571815,8
2024-09-17 12:43:24.999,404.3845543478298,996
2024-09-17 12:43:25.035,404.4281029338193,13
2024-09-17 12:43:25.047,404.401308395214,995
2024-09-17 12:43:25.084,404.4214825832847,103
2024-09-17 12:43:25.143,404.3787710345344,1004
2024-09-17 12:43:25.195,404.4818108047081,9
2024-09-17 12:43:25.226,404.4153540100269,100
2024-09-17 12:43:25.337,404.451325918994,1001
2024-09-17 12:43:25.429,404.38968257013886,7
2024-09-17 12:43:25.459,404.43751450837806,7
2024-09-17 12:43:25.485,404.4372368603605,98
2024-09-17 12:43:25.490,404.4276882169248,15
2024-09-17 12:43:25.511,404.392086760897,998
2024-09-17 12:43:25.546,404.4248850142059,996
2024-09-17 12:43:25.609,404.37606980028096,103
2024-09-17 12:43:25.620,404.4064339618144,95
2024-09-17 12:43:25.688,404.416921918791,1002
2024-09-17 12:43:25.689,404.3680356568573,102
2024-09-17 12:43:25.697,404.41385749986176,998
2024-09-17 12:43:25.773,404.4309843666507,101
2024-09-17 12:43:25.775,404.3952442569069,1003
2024-09-17 12:43:25.796,404.4338361729975,101
2024-09-17 12:43:25.824,404.383660741266,998
2024-09-17 12:43:25.839,404.4657897925237,15
2024-09-17 12:43:25.851,404.3803982807602,15
2024-09-17 12:43:25.871,404.3835511989861,9
2024-09-17 12:43:25.880,404.4249675754488,999
2024-09-17 12:43:25.947,404.3911419799393,98
2024-09-17 12:43:25.949,404.3728127569187,105
2024-09-17 12:43:25.972,404.44447091919386,1001
2024-09-17 12:43:25.981,404.3821558754443,9
2024-09-17 12:43:26.032,404.4576800675948,101
2024-09-17 12:43:26.047,404.4844063757012,1003
2024-09-17 12:43:26.120,404.4501380299407,11
2024-09-17 12:43:26.178,404.4589446797794,1000
2024-09-17 12:43:26.183,404.47369351499657,1000
2024-09-17 12:43:26.217,404.47997288670814,10
2024-09-17 12:43:26.222,404.46590799634737,95
2024-09-17 12:43:26.235,,997
2024-09-17 12:43:26.302,404.4736634263596,1000
2024-09-17 12:43:26.308,404.4711576597959,104
2024-09-17 12:43:26.381,404.4919304018172,8
2024-09-17 12:43:26.399,404.478288660054,97
2024-09-17 12:43:26.541,404.4659677640488,1001
2024-09-17 12:43:26.542,404.4767931604487,11
2024-09-17 12:43:26.602,404.4893357960625,102
2024-09-17 12:43:26.759,404.4712210853522,1001
2024-09-17 12:43:26.784,404.4867195840721,103
2024-09-17 12:43:26.808,404.4517434285334,1001
2024-09-17 12:43:26.982,404.4695434298968,105
2024-09-17 12:43:27.009,404.4565827517891,1004
2024-09-17 12:43:27.202,404.4508432963984,997
2024-09-17 12:43:27.321,404.4397799324138,1002
2024-09-17 12:43:27.698,404.46734278469125,15
2024-09-17 12:43:27.711,404.4704478997715,9
2024-09-17 12:43:27.774,404.45970821767065,11
2024-09-17 12:43:27.888,404.457403735037,1001
2024-09-17 12:43:28.005,404.3903605616176,7
2024-09-17 12:43:28.073,404.4002857957362,1001
2024-09-17 12:43:28.075,404.4003633363843,998
2024-09-17 12:43:28.101,404.3788908108229,14
2024-09-17 12:43:28.111,404.3953309315922,7
2024-09-17 12:43:28.238,404.4112166305087,102
2024-09-17 12:43:28.349,404.3875934159557,95
2024-09-17 12:43:28.355,404.4272737219559,98
2024-09-17 12:43:28.355,404.4033029748595,998
2024-09-17 12:43:28.364,404.4337307162621,1005
2024-09-17 12:43:28.367,404.4309871081055,96
2024-09-17 12:43:28.387,404.3841706246565,1003
2024-09-17 12:43:28.417,404.4265726261033,5
2024-09-17 12:43:28.451,404.42696464685525,1004
2024-09-17 12:43:28.488,404.4077878905856,1001
2024-09-17 12:43:28.503,404.4395875958362,7
2024-09-17 12:43:28.512,404.44404521090985,101
2024-09-17 12:43:28.699,404.44190130745903,1004
2024-09-17 12:43:28.730,404.4068302403977,1003
2024-09-17 12:43:28.815,404.4172137399141,14
2024-09-17 12:43:28.816,404.415895089231,101
2024-09-17 12:43:28.894,404.4430155763692,105
2024-09-17 12:43:28.913,404.4704965129568,104
2024-09-17 12:43:28.921,404.3784117640337,105
2024-09-17 12:43:28.934,404.38207640319,8
2024-09-17 12:43:28.950,404.4497596394684,995
2024-09-17 12:43:28.953,404.38052717644666,103
2024-09-17 12:43:28.954,404.39532156513786,999
2024-09-17 12:43:29.075,404.4353972794157,103
2024-09-17 12:43:29.255,404.4194961891949,105
2024-09-17 12:43:29.271,404.4006266223924,9
2024-09-17 12:43:29.592,404.4081707660609,995
2024-09-17 12:43:29.773,404.4332913038671,13
2024-09-17 12:43:30.088,404.42358274806014,96
2024-09-17 12:43:30.131,404.4359040867005,5
2024-09-17 12:43:31.036,404.475258950842,95
2024-09-17 12:43:31.048,404.4328177885087,7
2024-09-17 12:43:31.105,404.43991202843927,101
2024-09-17 12:43:31.119,404.4667665874981,10
2024-09-17 12:43:31.185,404.4455981483408,995
2024-09-17 12:43:31.219,404.4458316144744,9
2024-09-17 12:43:31.224,404.4581409287625,99
2024-09-17 12:43:31.321,404.44929067527903,99
2024-09-17 12:43:31.330,404.3832931573263,1005
2024-09-17 12:43:31.395,404.4507391321513,15
2024-09-17 12:43:31.396,404.4865722000749,9
2024-09-17 12:43:31.400,404.4600260237209,99
2024-09-17 12:43:31.433,404.4549124773481,100
2024-09-17 12:43:31.470,404.42272776929866,6
2024-09-17 12:43:31.598,404.4524587658237,98
2024-09-17 12:43:31.647,404.41976933119616,997
2024-09-17 12:43:31.680,404.434420914173,6
2024-09-17 12:43:31.681,404.4454272292021,1004
2024-09-17 12:43:31.715,404.4426020248338,1005
2024-09-17 12:43:31.864,404.4607302823764,11
2024-09-17 12:43:31.884,404.4058168768556,9
2024-09-17 12:43:31.894,404.4244634336671,8
2024-09-17 12:43:31.909,404.4070741371069,6
2024-09-17 12:43:31.919,404.4100942919252,1001
2024-09-17 12:43:31.929,404.41874892837376,96
2024-09-17 12:43:31.930,404.4251106021082,99
2024-09-17 12:43:31.971,404.45325400417454,102
2024-09-17 12:43:32.074,404.4621161232088,1004
2024-09-17 12:43:32.097,404.43065306675976,99
2024-09-17 12:43:32.158,404.4336343265042,998
2024-09-17 12:43:32.357,404.45248883040097,100
2024-09-17 12:43:32.373,404.44312882205895,1001
2024-09-17 12:43:32.473,404.4462121487866,1000
2024-09-17 12:43:32.827,404.4388161829806,997
2024-09-17 12:43:33.061,404.3900336761095,103
2024-09-17 12:43:33.101,404.4309707691599,103
2024-09-17 12:43:33.146,404.3668610496439,13
2024-09-17 12:43:33.206,404.347537791612,104
2024-09-17 12:43:33.217,404.3706519455824,105
2024-09-17 12:43:33.255,404.4057415179688,13
2024-09-17 12:43:33.263,404.37476047759327,103
2024-09-17 12:43:33.277,404.36752750056974,97
2024-09-17 12:43:33.326,404.3743908878918,15
2024-09-17 12:43:33.353,404.40202604727983,10
2024-09-17 12:43:33.354,404.4092131440025,102
2024-09-17 12:43:33.356,404.3461401291182,14
2024-09-17 12:43:33.396,404.3743874131392,1002
2024-09-17 12:43:33.397,404.3860045958952,100
2024-09-17 12:43:33.397,404.3736134793273,8
2024-09-17 12:43:33.472,404.35078820818666,1005
2024-09-17 12:43:33.500,404.3655552125565,13
2024-09-17 12:43:33.543,404.4208932808334,101
2024-09-17 12:43:33.570,404.4620961925472,1003
2024-09-17 12:43:33.628,404.3955752505798,999
2024-09-17 12:43:33.629,404.3820079020781,105
2024-09-17 12:43:33.638,404.3595965345634,11
2024-09-17 12:43:33.693,404.3792939109172,105
2024-09-17 12:43:33.703,404.40853941273474,5
2024-09-17 12:43:33.717,404.431930853355,996
2024-09-17 12:43:33.751,404.4068754483917,10
2024-09-17 12:43:33.829,404.44097017049575,15
2024-09-17 12:43:34.004,404.3115886264668,1000
2024-09-17 12:43:34.024,404.3166973851374,104
2024-09-17 12:43:34.141,404.3781095194223,8
2024-09-17 12:43:34.151,404.2826230509919,102
2024-09-17 12:43:34.183,404.293305505158,7
2024-09-17 12:43:34.184,404.37053738665526,1001
2024-09-17 12:43:34.447,404.3614202429682,8
2024-09-17 12:43:34.570,404.29943467316986,96
2024-09-17 12:43:34.638,404.3558666540462,998
2024-09-17 12:43:34.688,404.3178799042405,8
2024-09-17 12:43:34.768,404.309263684616,105
2024-09-17 12:43:34.793,404.3343664924651,1002
2024-09-17 12:43:34.816,404.29404297386014,11
2024-09-17 12:43:34.829,404.29885898758016,14
2024-09-17 12:43:34.875,404.2965495447128,10
2024-09-17 12:43:34.882,404.3005358976787,1000
2024-09-17 12:43:34.897,404.3151248715469,998
2024-09-17 12:43:34.943,404.3480395458694,7
2024-09-17 12:43:34.950,404.3597230323791,12
2024-09-17 12:43:34.974,404.3002252777544,1000
2024-09-17 12:43:34.985,404.3709666180177,998
2024-09-17 12:43:34.987,404.31446653816704,100
2024-09-17 12:43:35.221,404.321929074564,1002
2024-09-17 12:43:35.428,404.3339480185908,995
2024-09-17 12:43:35.443,404.3340769288397,1004
2024-09-17 12:43:35.476,404.3349066679404,100
2024-09-17 12:43:35.564,404.3189695711055,9
2024-09-17 12:43:35.581,404.35987829063896,11
2024-09-17 12:43:35.666,404.3391257455508,104
2024-09-17 12:43:35.778,404.3441257462103,1002
2024-09-17 12:43:35.913,404.3422246950884,6
2024-09-17 12:43:36.423,404.3170478029924,95
2024-09-17 12:43:36.497,404.33305125463744,102
2024-09-17 12:43:36.586,404.30926211142025,97
2024-09-17 12:43:36.666,404.32411786153386,14
2024-09-17 12:43:37.041,404.3214147316671,98
2024-09-17 12:43:37.074,404.2814237717941,97
2024-09-17 12:43:37.076,404.3084049484877,6
2024-09-17 12:43:37.086,404.3029630495924,100
2024-09-17 12:43:37.113,40.42944194944163,15
2024-09-17 12:43:37.200,404.28402314534384,1004
2024-09-17 12:43:37.268,404.3010632699295,9
2024-09-17 12:43:37.639,404.3023807505879,11
2024-09-17 12:43:37.853,404.2932852283825,5
2024-09-17 12:43:37.950,404.2811031216001,98
2024-09-17 12:43:38.527,404.32031560809537,99
2024-09-17 12:43:38.808,404.35130874804406,998
2024-09-17 12:43:38.890,404.3153229631311,7
2024-09-17 12:43:39.131,404.3464496110964,1002
2024-09-17 12:43:39.132,404.3753285881253,1001
2024-09-17 12:43:39.243,404.37283178672726,998
2024-09-17 12:43:39.272,404.3473427507664,8
2024-09-17 12:43:39.293,404.3406963568487,1003
2024-09-17 12:43:39.314,404.35103056538304,1000
2024-09-17 12:43:39.392,404.35098128432463,105
2024-09-17 12:43:39.413,404.3589433621845,1000
2024-09-17 12:43:39.454,404.35946743683,8
2024-09-17 12:43:39.519,404.35432062452486,7
2024-09-17 12:43:39.545,404.35702201632336,6
2024-09-17 12:43:39.581,404.3402251463815,1000
2024-09-17 12:43:39.725,404.34896403227896,99
2024-09-17 12:43:39.729,404.3256786433566,15
2024-09-17 12:43:39.811,404.3653813302786,5
2024-09-17 12:43:39.906,404.3378261062368,10
2024-09-17 12:43:40.048,404.3898255921352,995
2024-09-17 12:43:40.052,404.358910203758,6
2024-09-17 12:43:40.072,404.3560637521857,15
2024-09-17 12:43:40.132,404.37304022698834,96
2024-09-17 12:43:40.143,404.3883888838514,10
2024-09-17 12:43:40.277,404.3547606323729,98
2024-09-17 12:43:40.288,404.3568669524166,1000
2024-09-17 12:43:40.313,404.35314255901176,11
2024-09-17 12:43:40.397,404.353531489359,97
2024-09-17 12:43:40.493,404.3548743612488,100
2024-09-17 12:43:40.550,404.3826745066932,997
2024-09-17 12:43:40.578,404.3537442211073,1004
2024-09-17 12:43:40.588,404.35499325459176,5
2024-09-17 12:43:40.595,404.3563805652458,95
2024-09-17 12:43:40.649,404.3423104305304,96
2024-09-17 12:43:40.704,404.3502394440828,9
2024-09-17 12:43:40.719,404.3786729370372,1000
2024-09-17 12:43:40.725,404.3591270882704,97
2024-09-17 12:43:40.773,404.3377711027436,11
2024-09-17 12:43:40.791,404.3383533012892,996
2024-09-17 12:43:40.814,404.3814272477029,995
2024-09-17 12:43:40.857,404.34381006661965,104
2024-09-17 12:43:40.858,404.3521915104053,9
2024-09-17 12:43:40.888,40.436164903444336,8
2024-09-17 12:43:40.901,404.353544636748,99
2024-09-17 12:43:41.037,404.3433838422727,14
2024-09-17 12:43:41.773,404.3400725664181,10
2024-09-17 12:43:42.203,404.3240408041201,11
2024-09-17 12:43:42.223,404.296660081424,14
2024-09-17 12:43:42.231,404.3359066491204,103
2024-09-17 12:43:42.243,404.301437315312,98
2024-09-17 12:43:42.435,404.3166468976305,98
2024-09-17 12:43:42.440,404.3402895300094,102
2024-09-17 12:43:42.444,404.32373258819456,1003
2024-09-17 12:43:42.563,404.3237227118749,1002
2024-09-17 12:43:42.644,404.3401396041439,14
2024-09-17 12:43:42.658,404.3362525646854,11
2024-09-17 12:43:42.727,404.3248414238733,101
2024-09-17 12:43:42.844,404.30207187955193,7
2024-09-17 12:43:42.882,404.3023846113052,14
2024-09-17 12:43:42.953,404.3139452402827,5
2024-09-17 12:43:42.975,404.30910158937866,103
2024-09-17 12:43:42.989,404.3264933288027,1000
2024-09-17 12:43:43.152,404.3368671963596,1001
2024-09-17 12:43:43.425,404.2856040437998,7
2024-09-17 12:43:43.552,404.3052483892922,98
2024-09-17 12:43:43.664,404.2667022609058,13
2024-09-17 12:43:43.673,404.3082475026512,1000
2024-09-17 12:43:43.757,404.3315659372099,9
2024-09-17 12:43:43.901,404.2691394282047,6
2024-09-17 12:43:44.010,404.3722076610579,98
2024-09-17 12:43:44.020,404.3524980541743,103
2024-09-17 12:43:44.041,404.3721133573634,13
2024-09-17 12:43:44.067,404.3430739399001,14
2024-09-17 12:43:44.070,404.36661258529017,104
2024-09-17 12:43:44.076,404.3438432471916,996
2024-09-17 12:43:44.078,404.37492249221015,14
2024-09-17 12:43:44.135,404.3596475781644,6
2024-09-17 12:43:44.166,404.3365845218673,10
2024-09-17 12:43:44.185,404.3368311339308,11
2024-09-17 12:43:44.210,404.37268356610224,999
2024-09-17 12:43:44.213,404.37336798558607,5
2024-09-17 12:43:44.227,404.3310559657507,1001
2024-09-17 12:43:44.267,404.3436505001452,9
2024-09-17 12:43:44.300,404.3807990165493,102
2024-09-17 12:43:44.324,404.3697352095857,102
2024-09-17 12:43:44.376,404.3780038518008,13
2024-09-17 12:43:44.392,404.3673486121622,101
2024-09-17 12:43:44.417,404.3619656997007,1005
2024-09-17 12:43:44.432,404.3458386595527,9
2024-09-17 12:43:44.436,404.3582154313309,999
2024-09-17 12:43:44.473,404.3473627015374,1000
2024-09-17 12:43:44.564,404.3687028982574,102
2024-09-17 12:43:44.565,404.3599736625746,5
2024-09-17 12:43:44.578,404.3645922344949,97
2024-09-17 12:43:44.745,404.3561173411756,997
2024-09-17 12:43:44.776,404.361406834823,999
2024-09-17 12:43:44.883,404.3523236067552,997
2024-09-17 12:43:44.896,404.3723028963058,1001
2024-09-17 12:43:45.068,404.3595121033201,996
2024-09-17 12:43:45.107,404.344879115688,100
2024-09-17 12:43:45.118,404.3334265407455,6
2024-09-17 12:43:45.167,404.3541927177156,999
2024-09-17 12:43:45.197,404.31377697241663,1005
2024-09-17 12:43:45.218,404.3438980218,11
2024-09-17 12:43:45.272,404.2921214526904,999
2024-09-17 12:43:45.314,404.3371480582636,999
2024-09-17 12:43:45.352,404.3030088951714,1004
2024-09-17 12:43:45.357,404.3487881001743,97
2024-09-17 12:43:45.358,404.3641172611379,7
2024-09-17 12:43:45.363,404.3337930676341,9
2024-09-17 12:43:45.387,404.3192602530965,997
2024-09-17 12:43:45.416,404.3195313133612,14
2024-09-17 12:43:45.465,404.29140137493306,1004
2024-09-17 12:43:45.468,404.3193128582265,1004
2024-09-17 12:43:45.507,404.3122901363976,997
2024-09-17 12:43:45.567,404.3405821781868,9
2024-09-17 12:43:45.670,404.34587601311614,1002
2024-09-17 12:43:45.696,404.33512693761423,95
2024-09-17 12:43:45.831,404.348045747733,1005
2024-09-17 12:43:45.916,404.2969512762032,96
2024-09-17 12:43:45.922,404.3186119890386,1000
2024-09-17 12:43:46.253,404.2926139682452,101
2024-09-17 12:43:46.417,404.3351734324002,996
2024-09-17 12:43:46.472,404.3377449779922,97
2024-09-17 12:43:46.482,404.3005361674946,996
2024-09-17 12:43:46.527,404.3028446973192,995
2024-09-17 12:43:46.564,,98
2024-09-17 12:43:46.593,404.32825011594207,1000
2024-09-17 12:43:46.651,404.2791572793575,95
2024-09-17 12:43:46.905,404.303523546746,5
2024-09-17 12:43:46.935,404.3167716463653,96
2024-09-17 12:43:46.965,404.3259938606999,14
2024-09-17 12:43:47.002,404.4102589267856,15
2024-09-17 12:43:47.042,404.4243642786948,97
2024-09-17 12:43:47.087,404.3296570384221,99
2024-09-17 12:43:47.092,404.3944393463395,11
2024-09-17 12:43:47.143,404.4166250087112,103
2024-09-17 12:43:47.225,404.4085926275001,104
2024-09-17 12:43:47.243,404.3151903492,15
2024-09-17 12:43:47.270,404.37688336454414,97
2024-09-17 12:43:47.301,404.4073352525685,101
2024-09-17 12:43:47.317,404.39564015533045,95
2024-09-17 12:43:47.369,404.4035625383423,13
2024-09-17 12:43:47.392,404.4116258736744,10
2024-09-17 12:43:47.471,404.40105415629455,8
2024-09-17 12:43:47.502,404.42426455279536,995
2024-09-17 12:43:47.638,404.3751249401054,102
2024-09-17 12:43:47.664,404.3983247035157,15
2024-09-17 12:43:47.716,404.3383673448169,7
2024-09-17 12:43:47.911,404.41079389289416,8
2024-09-17 12:43:47.913,404.367974226115,97
2024-09-17 12:43:47.994,404.3818096565041,1002
2024-09-17 12:43:48.105,404.38744734396624,104
2024-09-17 12:43:48.107,404.405359892007,1001
2024-09-17 12:43:48.134,404.389664259315,1002
2024-09-17 12:43:48.272,404.3909880997261,997
2024-09-17 12:43:48.314,404.3843608454339,11
2024-09-17 12:43:48.418,404.3734229452472,998
2024-09-17 12:43:48.454,404.39103378975136,10
2024-09-17 12:43:48.488,404.3985237824862,1005
2024-09-17 12:43:48.554,404.3883681100493,10
2024-09-17 12:43:48.597,404.3835468085431,97
2024-09-17 12:43:48.616,404.4077030750894,7
2024-09-17 12:43:48.649,404.3809969048184,95
2024-09-17 12:43:48.676,404.3720827689856,998
2024-09-17 12:43:48.715,-404.3614017807613,998
2024-09-17 12:43:49.003,404.3667944421209,105
2024-09-17 12:43:49.037,404.4238119928315,103
2024-09-17 12:43:49.072,404.40509716915966,995
2024-09-17 12:43:49.390,404.41282363394953,104
2024-09-17 12:43:49.410,404.3710168884527,1003
2024-09-17 12:43:49.636,404.3828216309632,1001
2024-09-17 12:43:49.673,404.3996730633911,6
2024-09-17 12:43:49.781,404.4324013578734,11
2024-09-17 12:43:49.816,404.3827354904759,98
2024-09-17 12:43:49.820,404.4159016729592,1001
2024-09-17 12:43:49.828,404.36542184320217,14
2024-09-17 12:43:49.856,404.3827864619588,998
2024-09-17 12:43:50.072,404.4144870771802,100
2024-09-17 12:43:50.088,404.43060249730775,11
2024-09-17 12:43:50.270,404.45574861847416,105
2024-09-17 12:43:50.309,404.43501258906247,996
2024-09-17 12:43:50.327,404.41677570869865,99
2024-09-17 12:43:50.442,404.4711594879757,13
2024-09-17 12:43:50.461,404.4233036779452,998
2024-09-17 12:43:50.504,404.4336936520184,1005
2024-09-17 12:43:50.573,404.4128674030693,995
2024-09-17 12:43:50.619,40.44246802202689,99
2024-09-17 12:43:50.668,404.4212789631352,11
2024-09-17 12:43:50.725,404.4398867753945,14
2024-09-17 12:43:50.775,404.4167997814056,998
2024-09-17 12:43:50.792,404.4169882698006,1002
2024-09-17 12:43:50.795,404.4110165503926,1004
2024-09-17 12:43:50.830,404.40439113454255,95
2024-09-17 12:43:50.869,404.4493356779556,1002
2024-09-17 12:43:50.895,404.4166789354064,95
2024-09-17 12:43:50.994,404.4352998969769,9
2024-09-17 12:43:51.017,404.48935703381056,7
2024-09-17 12:43:51.028,404.4851909474518,995
2024-09-17 12:43:51.056,404.4834559616008,999
2024-09-17 12:43:51.075,404.458110726082,999
2024-09-17 12:43:51.084,404.462856790486,5
2024-09-17 12:43:51.124,404.44999991149376,105
2024-09-17 12:43:51.196,404.4560582255791,998
2024-09-17 12:43:51.199,404.4800720866327,97
2024-09-17 12:43:51.554,404.456021408032,1003
2024-09-17 12:43:51.689,404.4713416762138,5
2024-09-17 12:43:51.690,404.4615954812755,1000
2024-09-17 12:43:51.696,404.45366448269664,1000
2024-09-17 12:43:51.706,404.4953554002,999
2024-09-17 12:43:51.786,404.4487302609128,1001
2024-09-17 12:43:51.834,404.4788887982656,14
2024-09-17 12:43:52.003,404.5081214780264,13
2024-09-17 12:43:52.041,404.5508329102281,103
2024-09-17 12:43:52.056,404.49151046697887,100
2024-09-17 12:43:52.094,404.4531000636288,5
2024-09-17 12:43:52.108,404.4472209203514,10
2024-09-17 12:43:52.117,404.5284907156774,995
2024-09-17 12:43:52.161,404.59236012638695,1003
2024-09-17 12:43:52.171,404.58065111206633,7
2024-09-17 12:43:52.378,404.4911162774267,5
2024-09-17 12:43:52.462,40.44948621027761,101
2024-09-17 12:43:52.472,404.4734587197559,95
2024-09-17 12:43:52.480,404.4866992403913,11
2024-09-17 12:43:52.537,404.4657997667154,8
2024-09-17 12:43:52.584,404.58797008303833,1004
2024-09-17 12:43:52.645,404.62107827382266,5
2024-09-17 12:43:52.687,404.4479336422722,8
2024-09-17 12:43:52.717,404.6143499182128,97
2024-09-17 12:43:52.752,404.6058767205757,1003
2024-09-17 12:43:52.787,404.4678056398206,105
2024-09-17 12:43:52.822,404.5884546302252,96
2024-09-17 12:43:52.832,404.458998291652,997
2024-09-17 12:43:52.834,404.5762171662839,11
2024-09-17 12:43:52.857,404.61737671188257,1002
2024-09-17 12:43:52.864,404.473639183631,1000
2024-09-17 12:43:52.872,404.5124145228704,15
2024-09-17 12:43:52.924,404.4874752378274,1002
2024-09-17 12:43:52.941,404.60412873000575,15
2024-09-17 12:43:52.953,404.6032280657395,97
2024-09-17 12:43:52.969,404.4732172718465,96
2024-09-17 12:43:53.020,404.62829947868704,5
2024-09-17 12:43:53.051,404.6094748312277,15
2024-09-17 12:43:53.128,404.5995876610129,99
2024-09-17 12:43:53.140,404.6198249424136,99
2024-09-17 12:43:53.166,404.6116683624106,14
2024-09-17 12:43:53.170,404.6302112908068,996
2024-09-17 12:43:53.228,404.6262460971863,1002
2024-09-17 12:43:53.309,404.62203334049775,1003
2024-09-17 12:43:53.330,404.6332882730895,99
2024-09-17 12:43:53.334,404.5875846265368,1002
2024-09-17 12:43:53.338,404.6084393634056,8
2024-09-17 12:43:53.411,404.6010086551983,13
2024-09-17 12:43:53.451,404.5982680735872,103
2024-09-17 12:43:53.463,404.6170627988725,996
2024-09-17 12:43:53.464,404.5899722757413,5
2024-09-17 12:43:53.557,404.6133901177109,997
2024-09-17 12:43:53.616,404.6047775178456,1005
2024-09-17 12:43:53.635,404.61859853027966,103
2024-09-17 12:43:53.670,404.624412830612,105
2024-09-17 12:43:53.784,404.5840395010193,997
2024-09-17 12:43:53.789,404.6050196902365,97
2024-09-17 12:43:53.876,404.5907093480851,13
2024-09-17 12:43:53.904,404.5840533080032,15
2024-09-17 12:43:53.956,404.6277442944916,13
2024-09-17 12:43:54.531,404.6046179492755,1000
2024-09-17 12:43:54.554,404.6163060469093,95
2024-09-17 12:43:54.952,404.6178764655917,102
2024-09-17 12:43:57.078,404.52396552684695,1005
2024-09-17 12:43:57.120,404.56641367864574,11
2024-09-17 12:43:57.173,404.5140415406878,105
2024-09-17 12:43:57.176,404.52847813636953,1000
2024-09-17 12:43:57.184,,100
2024-09-17 12:43:57.192,404.5288367801604,1003
2024-09-17 12:43:57.244,404.6089724444196,15
2024-09-17 12:43:57.252,404.5412436115854,1000
2024-09-17 12:43:57.270,404.57466898815227,6
2024-09-17 12:43:57.420,404.52417512016655,9
2024-09-17 12:43:57.437,404.5992039441314,104
2024-09-17 12:43:57.472,404.51893326863353,13
2024-09-17 12:43:57.484,404.5077074734545,101
2024-09-17 12:43:57.506,404.53104858430254,997
2024-09-17 12:43:57.553,404.5509668237533,102
2024-09-17 12:43:57.612,404.5484887839873,1003
2024-09-17 12:43:57.629,404.5152370536948,99
2024-09-17 12:43:57.711,404.5143232697873,13
2024-09-17 12:43:57.739,404.5588764668452,101
2024-09-17 12:43:57.758,404.5623386056471,103
2024-09-17 12:43:57.784,404.5497335995395,15
2024-09-17 12:43:57.793,40.45397563293988,1005
2024-09-17 12:43:57.851,404.521948896171,96
2024-09-17 12:43:57.856,404.53494203654986,998
2024-09-17 12:43:57.925,404.5393467283549,101
2024-09-17 12:43:57.947,404.5276174017509,6
2024-09-17 12:43:57.976,404.525660623361,10
2024-09-17 12:43:57.983,404.5539345010103,1004
2024-09-17 12:43:58.017,404.5300269126353,104
2024-09-17 12:43:58.021,404.5204428832004,996
2024-09-17 12:43:58.110,404.5365700682047,100
2024-09-17 12:43:58.121,404.5436212524957,102
2024-09-17 12:43:58.135,404.5408555130914,1001
2024-09-17 12:43:58.147,404.5457838956797,1005
2024-09-17 12:43:58.219,404.5575919575121,15
2024-09-17 12:43:58.291,404.53153566734056,14
2024-09-17 12:43:58.401,404.53352511975794,1001
2024-09-17 12:43:58.463,404.529673870585,1004
2024-09-17 12:43:58.545,404.55592959114256,1001
2024-09-17 12:43:58.569,404.5378414287258,14
2024-09-17 12:43:58.604,404.54823335644426,101
2024-09-17 12:43:58.812,404.5561498059415,1005
2024-09-17 12:43:58.857,404.5349626420274,7
2024-09-17 12:43:58.862,404.5812533714024,8
2024-09-17 12:43:58.874,404.5415128050648,97
2024-09-17 12:43:58.875,404.5343968517535,6
2024-09-17 12:43:58.919,404.5252574641243,15
2024-09-17 12:43:58.965,404.5366725795664,104
2024-09-17 12:43:58.971,404.5465060248818,11
2024-09-17 12:43:59.199,40.45665325519319,14
2024-09-17 12:43:59.271,404.5396046746382,6
2024-09-17 12:43:59.350,404.5575563770313,104
2024-09-17 12:43:59.351,404.5289745837619,6
2024-09-17 12:43:59.369,404.5458007618507,995
2024-09-17 12:43:59.429,404.5510762735682,995
2024-09-17 12:43:59.492,404.546573049499,1002
2024-09-17 12:43:59.576,404.5452507258893,105
2024-09-17 12:43:59.622,404.5270469090876,9
2024-09-17 12:43:59.646,404.5183218093112,1003
2024-09-17 12:43:59.675,404.556424225381,1005
2024-09-17 12:43:59.746,40.45340665753408,105
2024-09-17 12:43:59.763,404.5292701414736,10
2024-09-17 12:43:59.772,404.51982198668895,13
