Timestamp,Price,Size
2024-09-17 09:48:00.032,416.2284395425135,13
2024-09-17 09:48:00.116,416.2369320177439,105
2024-09-17 09:48:00.221,416.2605758495063,14
2024-09-17 09:48:00.399,416.2576978040163,99
2024-09-17 09:48:00.474,416.2229930358806,1005
2024-09-17 09:48:00.671,416.2087719826324,96
2024-09-17 09:48:00.950,416.2242464500003,100
2024-09-17 09:48:00.981,416.2483510106949,8
2024-09-17 09:48:01.060,416.2525196816819,1001
2024-09-17 09:48:01.130,416.2266020575654,14
2024-09-17 09:48:01.640,416.2433140116346,8
2024-09-17 09:48:01.662,416.2473480356443,995
2024-09-17 09:48:02.017,416.25160402787697,95
2024-09-17 09:48:02.027,416.228663593513,100
2024-09-17 09:48:02.333,416.2166172778777,1001
2024-09-17 09:48:02.374,416.25254644575296,10
2024-09-17 09:48:02.519,416.2169233640826,8
2024-09-17 09:48:03.173,416.3476434305874,97
2024-09-17 09:48:03.187,416.25171227590187,14
2024-09-17 09:48:03.219,416.3241361310144,1005
2024-09-17 09:48:03.259,416.3061533044367,6
2024-09-17 09:48:03.299,416.3164685139878,995
2024-09-17 09:48:03.330,416.3197694723708,13
2024-09-17 09:48:03.367,416.2666624930479,14
2024-09-17 09:48:03.504,416.3152385912412,13
2024-09-17 09:48:03.511,416.3184378213333,12
2024-09-17 09:48:03.522,416.3384556629347,999
2024-09-17 09:48:03.692,416.3178290790455,1001
2024-09-17 09:48:03.700,416.2662044955899,995
2024-09-17 09:48:03.820,416.2666536124592,5
2024-09-17 09:48:03.821,416.3214855598266,102
2024-09-17 09:48:03.822,416.25914849641896,102
2024-09-17 09:48:03.827,416.25988682047625,6
2024-09-17 09:48:03.828,416.3182966108632,10
2024-09-17 09:48:03.996,416.3613630628181,12
2024-09-17 09:48:04.084,416.3328613784831,97
2024-09-17 09:48:04.136,416.334018411624,14
2024-09-17 09:48:04.226,416.37107885465775,5
2024-09-17 09:48:04.476,416.33369932065307,103
2024-09-17 09:48:04.492,416.34854436778846,13
2024-09-17 09:48:04.802,416.3293721513671,99
2024-09-17 09:48:04.950,416.3413216131045,11
2024-09-17 09:48:05.130,416.354531892584,5
2024-09-17 09:48:05.294,416.3736001650359,995
2024-09-17 09:48:05.325,416.3578503791903,1003
2024-09-17 09:48:05.332,416.3663233238211,8
2024-09-17 09:48:05.373,416.361965131278,99
2024-09-17 09:48:05.382,416.3445661576053,1003
2024-09-17 09:48:05.553,416.3744847731765,1002
2024-09-17 09:48:05.787,416.3538498470524,100
2024-09-17 09:48:05.834,416.3481096965793,15
2024-09-17 09:48:06.198,416.3714581471236,9
2024-09-17 09:48:06.287,416.3806034999392,6
2024-09-17 09:48:06.403,416.36595316613455,11
2024-09-17 09:48:06.492,416.36896772760696,995
2024-09-17 09:48:06.536,416.3607054756368,102
2024-09-17 09:48:06.602,416.3839346822641,999
2024-09-17 09:48:06.612,416.3601663215164,1000
2024-09-17 09:48:06.627,416.3783195130292,998
2024-09-17 09:48:06.870,416.3837087706137,13
2024-09-17 09:48:07.025,,97
2024-09-17 09:48:07.183,416.4144361721977,97
2024-09-17 09:48:07.201,416.4129035880009,998
2024-09-17 09:48:07.242,416.40946040498585,5
2024-09-17 09:48:07.346,416.3911646487306,9
2024-09-17 09:48:07.387,416.37857928173815,98
2024-09-17 09:48:07.491,416.3958383615737,98
2024-09-17 09:48:07.649,416.4295850556047,1005
2024-09-17 09:48:07.664,416.40030677853537,7
2024-09-17 09:48:07.752,416.36945639942513,1002
2024-09-17 09:48:07.758,416.4263077087263,996
2024-09-17 09:48:07.999,416.4262427778774,96
2024-09-17 09:48:08.035,416.42889708387264,11
2024-09-17 09:48:08.057,416.4335969836719,6
2024-09-17 09:48:08.089,416.42393251236285,998
2024-09-17 09:48:08.169,416.48282755980426,95
2024-09-17 09:48:08.225,416.4492928459015,997
2024-09-17 09:48:08.237,416.5034906897365,11
2024-09-17 09:48:08.307,416.4451884569745,996
2024-09-17 09:48:08.315,416.4455601862451,14
2024-09-17 09:48:08.387,416.4837778190999,1000
2024-09-17 09:48:08.397,416.419444303283,12
2024-09-17 09:48:08.482,416.4979638064197,9
2024-09-17 09:48:08.514,416.4793584096033,997
2024-09-17 09:48:08.578,416.5050650620673,101
2024-09-17 09:48:08.600,-416.4298191095366,101
2024-09-17 09:48:08.734,416.4420184779568,1003
2024-09-17 09:48:08.827,416.5076854906313,1001
2024-09-17 09:48:08.868,416.4477414018787,996
2024-09-17 09:48:08.980,416.4802191654767,1005
2024-09-17 09:48:08.997,416.42725711414977,103
2024-09-17 09:48:09.070,416.4193590188833,103
2024-09-17 09:48:09.123,416.41088085248686,5
2024-09-17 09:48:09.699,416.416173777938,13
2024-09-17 09:48:10.067,416.3589739611506,10
2024-09-17 09:48:10.185,416.3678854641812,96
2024-09-17 09:48:10.230,,7
2024-09-17 09:48:10.240,416.366607821704,98
2024-09-17 09:48:10.262,416.3321947178324,99
2024-09-17 09:48:10.312,416.405780495315,95
2024-09-17 09:48:10.336,416.36700765520726,95
2024-09-17 09:48:10.608,416.3563138594833,14
2024-09-17 09:48:10.856,416.3799478350286,14
2024-09-17 09:48:10.939,416.34525948322977,10
2024-09-17 09:48:11.070,416.3668632170514,1005
2024-09-17 09:48:11.199,416.3683775539875,1001
2024-09-17 09:48:11.403,416.3772786413342,12
2024-09-17 09:48:11.404,416.3655171729476,14
2024-09-17 09:48:11.582,416.3762476009847,997
2024-09-17 09:48:11.711,416.3528433223437,96
2024-09-17 09:48:11.759,416.3745099056866,1005
2024-09-17 09:48:11.874,416.3630300232032,96
2024-09-17 09:48:11.945,-416.3730133684583,8
2024-09-17 09:48:11.978,416.3794355720385,98
2024-09-17 09:48:12.223,416.3691526483704,12
2024-09-17 09:48:12.313,416.3737877490337,1002
2024-09-17 09:48:12.361,416.3649101823374,996
2024-09-17 09:48:12.821,416.36070621570735,101
2024-09-17 09:48:13.021,416.4042144101346,1001
2024-09-17 09:48:13.069,416.36631116069935,11
2024-09-17 09:48:13.137,416.34314514381686,10
2024-09-17 09:48:13.160,416.3871477288476,999
2024-09-17 09:48:13.198,416.3532747563741,102
2024-09-17 09:48:13.243,416.390877904196,999
2024-09-17 09:48:13.248,416.3576418473672,95
2024-09-17 09:48:13.288,416.36010568061806,6
2024-09-17 09:48:13.333,416.3606290415335,13
2024-09-17 09:48:13.359,416.37078295598855,104
2024-09-17 09:48:13.484,416.39099459337865,14
2024-09-17 09:48:13.504,416.3711592863186,100
2024-09-17 09:48:13.536,416.3503123107728,5
2024-09-17 09:48:13.582,416.3574949531381,1002
2024-09-17 09:48:13.632,416.379385540468,1003
2024-09-17 09:48:13.640,416.38711488342926,998
2024-09-17 09:48:13.691,416.3870385522037,13
2024-09-17 09:48:13.701,416.3608646421227,1003
2024-09-17 09:48:13.706,416.36855196414206,1004
2024-09-17 09:48:13.718,416.364146543588,7
2024-09-17 09:48:13.740,416.3459506402437,105
2024-09-17 09:48:13.757,416.3796201865743,8
2024-09-17 09:48:13.774,416.3403700878102,1000
2024-09-17 09:48:13.782,416.3526455745471,1005
2024-09-17 09:48:13.815,416.3576094437606,13
2024-09-17 09:48:13.855,416.38370772488514,1004
2024-09-17 09:48:13.875,416.38637332053486,11
2024-09-17 09:48:13.967,416.3614017239945,1001
2024-09-17 09:48:13.993,416.3482269359413,103
2024-09-17 09:48:14.276,416.32518796711634,1004
2024-09-17 09:48:14.342,416.3615422469202,1002
2024-09-17 09:48:14.356,416.35272026973655,96
2024-09-17 09:48:14.404,416.3558932681701,5
2024-09-17 09:48:14.524,416.3437751758692,100
2024-09-17 09:48:14.627,416.3611421089997,12
2024-09-17 09:48:14.631,416.3268169603409,9
2024-09-17 09:48:14.867,416.3397521534438,1002
2024-09-17 09:48:14.917,416.3095960386171,996
2024-09-17 09:48:15.195,416.2763567043749,104
2024-09-17 09:48:15.239,416.2576590137192,95
2024-09-17 09:48:15.261,416.340995027456,99
2024-09-17 09:48:15.346,416.2642714193193,103
2024-09-17 09:48:15.351,416.2981121208791,97
2024-09-17 09:48:15.388,416.29229379316286,1005
2024-09-17 09:48:15.405,416.3319591407919,99
2024-09-17 09:48:15.428,416.3315335316044,5
2024-09-17 09:48:15.464,416.3323001270719,1001
2024-09-17 09:48:15.547,416.2661571480243,96
2024-09-17 09:48:15.561,416.2552827459018,1004
2024-09-17 09:48:15.597,416.27244087015015,1004
2024-09-17 09:48:15.622,416.2581240630864,15
2024-09-17 09:48:15.643,416.3410245543708,102
2024-09-17 09:48:15.653,416.3371071148485,1000
2024-09-17 09:48:15.697,416.2443531435576,103
2024-09-17 09:48:15.698,416.25530258488607,95
2024-09-17 09:48:15.717,416.2938930139207,1002
2024-09-17 09:48:15.750,416.2615273526861,103
2024-09-17 09:48:15.820,416.25822922938937,99
2024-09-17 09:48:15.827,416.3238461931612,14
2024-09-17 09:48:15.917,416.3166473761294,1004
2024-09-17 09:48:15.924,416.29198613838565,98
2024-09-17 09:48:15.928,416.2568536410103,998
2024-09-17 09:48:15.933,416.2933856388297,998
2024-09-17 09:48:15.938,416.2463770073873,11
2024-09-17 09:48:15.951,416.3306449610988,14
2024-09-17 09:48:15.963,416.3216931621172,996
2024-09-17 09:48:15.997,416.3349258626473,5
2024-09-17 09:48:16.016,416.2786726989279,995
2024-09-17 09:48:16.063,416.265641430544,1004
2024-09-17 09:48:16.188,416.33726334021264,12
2024-09-17 09:48:16.195,416.3307677046848,995
2024-09-17 09:48:16.244,416.2765765502468,996
2024-09-17 09:48:16.273,416.3360643909151,105
2024-09-17 09:48:16.310,416.33869467400746,105
2024-09-17 09:48:16.327,416.2693026389469,996
2024-09-17 09:48:16.390,416.3157128311803,5
2024-09-17 09:48:16.441,416.2926688775814,996
2024-09-17 09:48:16.482,416.26662191899294,95
2024-09-17 09:48:16.519,416.2714073866096,102
2024-09-17 09:48:16.555,,5
2024-09-17 09:48:16.586,-416.3536137632759,10
2024-09-17 09:48:16.615,416.319162483232,1000
2024-09-17 09:48:16.636,416.3438675932504,1005
2024-09-17 09:48:16.662,416.284429507505,11
2024-09-17 09:48:16.750,416.3043386588018,95
2024-09-17 09:48:16.773,416.2901688701417,1005
2024-09-17 09:48:16.802,416.27519260295486,99
2024-09-17 09:48:16.816,416.27685099917727,11
2024-09-17 09:48:16.863,416.27044518011314,10
2024-09-17 09:48:16.871,416.29266795694014,13
2024-09-17 09:48:16.947,416.28876744498,97
2024-09-17 09:48:17.007,416.2684260094039,96
2024-09-17 09:48:17.040,416.2697196092386,5
2024-09-17 09:48:17.043,416.25983030323687,5
2024-09-17 09:48:17.085,416.2729445880459,97
2024-09-17 09:48:17.102,416.2506732296597,1001
2024-09-17 09:48:17.119,416.2715400522407,996
2024-09-17 09:48:17.163,416.27111276479417,1004
2024-09-17 09:48:17.218,416.28866715222046,1002
2024-09-17 09:48:17.225,416.2878530810708,95
2024-09-17 09:48:17.299,416.2527476973068,1004
2024-09-17 09:48:17.362,416.24971098301006,7
2024-09-17 09:48:17.445,416.2482057762842,14
2024-09-17 09:48:17.472,,13
2024-09-17 09:48:17.491,416.2664826444106,12
2024-09-17 09:48:17.502,416.23953331536376,1001
2024-09-17 09:48:17.515,416.2779237909625,102
2024-09-17 09:48:17.610,416.232299752797,95
2024-09-17 09:48:17.612,416.2603153994168,995
2024-09-17 09:48:17.614,416.2484663842896,12
2024-09-17 09:48:17.688,416.2717065629395,13
2024-09-17 09:48:17.697,416.25923184498185,996
2024-09-17 09:48:17.758,416.2812987831555,1004
2024-09-17 09:48:17.849,416.2743781164705,14
2024-09-17 09:48:17.864,416.2712651052874,101
2024-09-17 09:48:17.891,416.2553829758506,10
2024-09-17 09:48:17.893,416.2517516688498,1001
2024-09-17 09:48:17.920,416.2539220131213,9
2024-09-17 09:48:18.021,416.3009982069266,96
2024-09-17 09:48:18.042,416.28063272557256,104
2024-09-17 09:48:18.050,416.314523959849,105
2024-09-17 09:48:18.263,416.283090710732,98
2024-09-17 09:48:18.270,416.3025348630604,1000
2024-09-17 09:48:18.278,416.3025879224099,13
2024-09-17 09:48:18.365,416.3320752349605,996
2024-09-17 09:48:18.410,416.3179622922196,100
2024-09-17 09:48:18.459,416.3115957444589,1003
2024-09-17 09:48:18.473,416.3126993379024,13
2024-09-17 09:48:18.519,416.3055300021948,100
2024-09-17 09:48:18.528,416.3111396622073,99
2024-09-17 09:48:18.569,-416.3272889932495,11
2024-09-17 09:48:18.573,416.3200281232683,103
2024-09-17 09:48:18.615,416.32366550997546,1001
2024-09-17 09:48:18.651,416.2792377037048,1000
2024-09-17 09:48:18.832,416.32735423122784,96
2024-09-17 09:48:18.856,416.2721342950049,99
2024-09-17 09:48:18.931,416.3298207936711,996
2024-09-17 09:48:18.953,416.326699737527,105
2024-09-17 09:48:18.960,416.3195960987127,99
2024-09-17 09:48:18.967,416.29106964332993,14
2024-09-17 09:48:19.229,416.3768168468084,101
2024-09-17 09:48:19.303,416.3712815134009,13
2024-09-17 09:48:19.529,416.3390873675178,7
2024-09-17 09:48:19.551,416.31518786517057,103
2024-09-17 09:48:19.954,416.37345657959554,1004
2024-09-17 09:48:19.963,416.31925288830905,1002
2024-09-17 09:48:20.037,416.3164183610602,1003
2024-09-17 09:48:20.064,416.30617596844456,100
2024-09-17 09:48:20.127,416.3536344514384,13
2024-09-17 09:48:20.155,416.314986459916,96
2024-09-17 09:48:20.221,416.3093116072537,999
2024-09-17 09:48:20.237,416.299917554581,96
2024-09-17 09:48:20.248,416.3034373491865,14
2024-09-17 09:48:20.258,416.35981367372887,11
2024-09-17 09:48:20.442,416.35035283935525,103
2024-09-17 09:48:20.464,416.3481312416491,95
2024-09-17 09:48:20.516,416.3681522656624,6
2024-09-17 09:48:20.630,416.3592395136117,100
2024-09-17 09:48:20.660,416.37069388036247,100
2024-09-17 09:48:20.676,416.3071200747611,1003
2024-09-17 09:48:20.729,416.3558336892871,1000
2024-09-17 09:48:20.754,416.3616897540926,10
2024-09-17 09:48:20.762,416.2921325353448,14
2024-09-17 09:48:20.797,416.3087994472748,995
2024-09-17 09:48:20.967,416.32602245926194,101
2024-09-17 09:48:20.998,416.300103006037,1005
2024-09-17 09:48:21.070,416.32106990923177,15
2024-09-17 09:48:21.290,416.3281407445462,998
2024-09-17 09:48:21.293,416.3244526918765,9
2024-09-17 09:48:21.416,416.2925510733549,1005
2024-09-17 09:48:21.720,416.29927667124485,105
2024-09-17 09:48:21.723,416.3368541481276,1003
2024-09-17 09:48:21.963,416.326371887728,1003
2024-09-17 09:48:21.976,416.2979960950288,1004
2024-09-17 09:48:22.125,416.3373852342621,105
2024-09-17 09:48:22.174,416.3572942708957,1004
2024-09-17 09:48:22.227,416.3420159751949,15
2024-09-17 09:48:22.397,416.3418335623224,995
2024-09-17 09:48:22.494,416.3475777357416,1001
2024-09-17 09:48:22.609,416.3430926567222,1001
2024-09-17 09:48:22.786,416.3379029453092,1005
2024-09-17 09:48:22.950,416.3433193917989,998
2024-09-17 09:48:23.155,416.309792637696,97
2024-09-17 09:48:23.186,416.3320648899103,1001
2024-09-17 09:48:23.320,416.274535952433,1002
2024-09-17 09:48:23.324,416.32315307759,999
2024-09-17 09:48:23.437,416.2646104395029,999
2024-09-17 09:48:23.551,416.3094591184537,995
2024-09-17 09:48:23.628,416.3442849252595,10
2024-09-17 09:48:23.813,416.3181179507276,13
2024-09-17 09:48:23.881,416.2869381294767,13
2024-09-17 09:48:24.019,416.25049134355714,1004
2024-09-17 09:48:24.149,416.2340139280127,10
2024-09-17 09:48:24.240,416.2475915068175,102
2024-09-17 09:48:24.478,416.2691413477755,10
2024-09-17 09:48:24.585,416.2410854556498,1005
2024-09-17 09:48:24.643,416.2351839378978,103
2024-09-17 09:48:24.788,416.2617238447837,98
2024-09-17 09:48:24.858,416.2423875786087,13
2024-09-17 09:48:24.885,416.2530831914595,103
2024-09-17 09:48:25.147,416.2358154777641,100
2024-09-17 09:48:26.283,416.2151420169932,10
2024-09-17 09:48:26.760,416.2149159211149,103
2024-09-17 09:48:26.866,416.2316995270974,7
2024-09-17 09:48:27.209,416.1924555493019,104
2024-09-17 09:48:27.392,416.1784650793408,98
2024-09-17 09:48:27.394,416.17611707798414,8
2024-09-17 09:48:27.394,416.18086041221153,12
2024-09-17 09:48:27.592,416.16285095468095,98
2024-09-17 09:48:27.640,416.18514704032026,997
2024-09-17 09:48:27.932,416.1827666226708,9
2024-09-17 09:48:28.003,416.1945142598431,1001
2024-09-17 09:48:28.036,416.1975066541712,7
2024-09-17 09:48:28.165,416.1920878968773,103
2024-09-17 09:48:28.181,416.1595980624359,96
2024-09-17 09:48:28.196,416.14054467430566,1005
2024-09-17 09:48:28.201,416.162932427221,14
2024-09-17 09:48:28.260,416.1277696440733,1002
2024-09-17 09:48:28.274,416.149258027198,9
2024-09-17 09:48:28.306,416.1792147851932,99
2024-09-17 09:48:28.316,416.1864637070225,15
2024-09-17 09:48:28.326,-416.14364688897456,8
2024-09-17 09:48:28.335,416.1619246800376,102
2024-09-17 09:48:28.344,416.19010188347545,97
2024-09-17 09:48:28.359,416.1502587032535,103
2024-09-17 09:48:28.415,416.1902182794897,15
2024-09-17 09:48:28.435,416.1811524661684,100
2024-09-17 09:48:28.444,416.18531021790005,103
2024-09-17 09:48:28.456,416.1162463020385,11
2024-09-17 09:48:28.472,416.13657500233984,103
2024-09-17 09:48:28.485,416.18309929816303,996
2024-09-17 09:48:28.488,416.1285172965757,100
2024-09-17 09:48:28.595,416.1820566380902,11
2024-09-17 09:48:28.725,416.1730164548384,9
2024-09-17 09:48:28.803,41.6181622824793,105
2024-09-17 09:48:28.807,416.1929397576167,1005
2024-09-17 09:48:28.813,416.1682648318608,11
2024-09-17 09:48:28.844,416.1159626828562,5
2024-09-17 09:48:29.029,416.137999062716,104
2024-09-17 09:48:29.063,416.1502877614833,1001
2024-09-17 09:48:29.087,416.1867417132293,9
2024-09-17 09:48:29.166,416.20523398943226,1000
2024-09-17 09:48:29.220,416.1488803041305,1003
2024-09-17 09:48:29.265,416.14236317917886,104
2024-09-17 09:48:29.396,416.1465037001987,1002
2024-09-17 09:48:29.418,416.1830301252468,1002
2024-09-17 09:48:29.512,416.1754376246389,100
2024-09-17 09:48:29.531,416.16268352878296,1004
2024-09-17 09:48:29.700,416.1884749420655,14
2024-09-17 09:48:29.863,416.1982516499409,999
2024-09-17 09:48:29.959,416.17432474963846,1001
2024-09-17 09:48:30.038,416.1453675920013,5
2024-09-17 09:48:30.096,416.147871379266,9
2024-09-17 09:48:30.175,416.1571249684858,97
2024-09-17 09:48:30.214,416.1188634607794,99
2024-09-17 09:48:30.240,416.1169588490266,1001
2024-09-17 09:48:30.319,416.1550054117111,97
2024-09-17 09:48:30.428,416.12979771106353,1005
2024-09-17 09:48:30.512,416.1424308453062,1005
2024-09-17 09:48:30.588,416.1296861324225,97
2024-09-17 09:48:30.610,416.1530972901181,11
2024-09-17 09:48:30.717,416.12188920726607,999
2024-09-17 09:48:30.777,416.15518067461744,1002
2024-09-17 09:48:30.908,416.1412593169837,6
2024-09-17 09:48:30.927,416.1161210739977,6
2024-09-17 09:48:30.967,416.14769103699547,104
2024-09-17 09:48:30.976,416.1272164725147,99
2024-09-17 09:48:31.105,416.12552910777686,12
2024-09-17 09:48:31.124,416.12455384827297,102
2024-09-17 09:48:31.270,416.1468857459057,1000
2024-09-17 09:48:31.347,416.14477250129073,995
2024-09-17 09:48:31.523,416.1433120958629,95
2024-09-17 09:48:31.581,416.1299520964497,99
2024-09-17 09:48:31.649,416.1341753355248,998
2024-09-17 09:48:31.665,416.1399553567246,1002
2024-09-17 09:48:31.765,416.1511283795994,1005
2024-09-17 09:48:31.839,416.1426798257637,105
2024-09-17 09:48:31.844,416.152692335718,1004
2024-09-17 09:48:31.894,416.1468295210318,11
2024-09-17 09:48:32.005,416.0368521208627,997
2024-09-17 09:48:32.048,416.1012079331709,1003
2024-09-17 09:48:32.066,416.09467378510254,102
2024-09-17 09:48:32.133,416.1052655928356,10
2024-09-17 09:48:32.133,416.0486278797247,5
2024-09-17 09:48:32.140,416.1130303565016,995
2024-09-17 09:48:32.172,416.0443149023251,14
2024-09-17 09:48:32.207,416.07383729993,8
2024-09-17 09:48:32.248,-416.1223777631768,103
2024-09-17 09:48:32.275,416.1088773869683,105
2024-09-17 09:48:32.282,-416.0252424126752,1005
2024-09-17 09:48:32.314,416.06371201624415,104
2024-09-17 09:48:32.337,416.0326699585991,103
2024-09-17 09:48:32.362,416.1287334907628,999
2024-09-17 09:48:32.555,416.0353048134682,98
2024-09-17 09:48:32.556,416.1460237197248,100
2024-09-17 09:48:32.565,416.1190651509001,7
2024-09-17 09:48:32.597,416.0990804964153,15
2024-09-17 09:48:32.621,416.0717999036101,6
2024-09-17 09:48:32.649,416.1205261362497,11
2024-09-17 09:48:32.683,416.13847242536025,1003
2024-09-17 09:48:32.717,416.0491769944336,999
2024-09-17 09:48:32.723,416.13645790762206,10
2024-09-17 09:48:32.758,416.11818697989565,103
2024-09-17 09:48:32.759,416.1222702652451,99
2024-09-17 09:48:32.812,416.1189860650663,996
2024-09-17 09:48:32.861,416.0628084668864,11
2024-09-17 09:48:32.890,416.1566598158056,12
2024-09-17 09:48:32.900,416.12271801382906,14
2024-09-17 09:48:32.963,416.07829780235807,102
2024-09-17 09:48:33.043,416.0509786376483,104
2024-09-17 09:48:33.097,416.0256038519859,12
2024-09-17 09:48:33.144,416.0742367534895,14
2024-09-17 09:48:33.219,416.0560045758712,1003
2024-09-17 09:48:33.267,416.0666918735598,8
2024-09-17 09:48:33.295,416.0282425239055,7
2024-09-17 09:48:33.341,416.0430817703426,98
2024-09-17 09:48:33.368,416.0688272571478,7
2024-09-17 09:48:33.391,416.06851615751737,97
2024-09-17 09:48:33.428,416.0471711521436,13
2024-09-17 09:48:33.503,416.03162532458543,5
2024-09-17 09:48:33.503,416.025474905725,5
2024-09-17 09:48:33.590,416.05397106764326,101
2024-09-17 09:48:33.620,416.0188301431815,6
2024-09-17 09:48:33.642,416.0656402357575,105
2024-09-17 09:48:33.676,416.0623335228195,95
2024-09-17 09:48:33.766,416.0303887814744,1000
2024-09-17 09:48:33.863,416.0597452974964,14
2024-09-17 09:48:33.933,416.04897888774815,7
2024-09-17 09:48:33.998,416.0381232768781,103
2024-09-17 09:48:34.059,416.0349885483427,6
2024-09-17 09:48:34.083,416.0078075531554,1003
2024-09-17 09:48:34.146,416.04945230939967,11
2024-09-17 09:48:34.162,415.9810034666509,5
2024-09-17 09:48:34.271,416.00716176909896,14
2024-09-17 09:48:34.275,415.9963177807037,1005
2024-09-17 09:48:34.305,416.0474861406498,7
2024-09-17 09:48:34.319,416.0203287567122,1003
2024-09-17 09:48:34.324,416.00433867071513,995
2024-09-17 09:48:34.383,416.0032421368766,1004
2024-09-17 09:48:34.528,416.0324430719815,14
2024-09-17 09:48:34.541,416.0488254675103,1003
2024-09-17 09:48:34.562,416.0268685398563,14
2024-09-17 09:48:34.631,416.0248551770776,8
2024-09-17 09:48:34.647,416.0136949128839,103
2024-09-17 09:48:34.808,416.0176801182533,15
2024-09-17 09:48:34.843,416.0068851518728,1000
2024-09-17 09:48:34.862,416.0183513452316,101
2024-09-17 09:48:34.882,416.0363242963628,1003
2024-09-17 09:48:34.904,415.9912202727932,1005
2024-09-17 09:48:34.924,415.9732848432628,997
2024-09-17 09:48:34.936,416.0132444989586,99
2024-09-17 09:48:34.940,415.9770480247473,104
2024-09-17 09:48:35.050,415.9640585227645,997
2024-09-17 09:48:35.057,415.9714101985162,101
2024-09-17 09:48:35.074,415.962101662541,998
2024-09-17 09:48:35.113,415.96784181560497,9
2024-09-17 09:48:35.291,415.9845109126394,7
2024-09-17 09:48:35.315,415.9659956197792,96
2024-09-17 09:48:35.423,416.0220534587455,997
2024-09-17 09:48:35.481,415.951990555722,11
2024-09-17 09:48:35.517,415.94095062439686,95
2024-09-17 09:48:35.648,415.963030273393,999
2024-09-17 09:48:35.677,415.98480171941605,996
2024-09-17 09:48:35.710,415.9790624042371,998
2024-09-17 09:48:35.815,415.9681732339489,97
2024-09-17 09:48:35.853,416.00532162913055,8
2024-09-17 09:48:35.931,415.9776854032019,997
2024-09-17 09:48:35.938,416.0202356938972,13
2024-09-17 09:48:35.986,415.9537847835667,102
2024-09-17 09:48:36.041,416.0164589718856,998
2024-09-17 09:48:36.051,416.0120472765765,99
2024-09-17 09:48:36.075,416.0145321709858,14
2024-09-17 09:48:36.157,416.0002228505539,6
2024-09-17 09:48:36.172,416.0203420483532,995
2024-09-17 09:48:36.246,416.0211125603916,998
2024-09-17 09:48:36.277,416.0129293528002,95
2024-09-17 09:48:36.311,,9
2024-09-17 09:48:36.397,415.9951675600917,105
2024-09-17 09:48:36.465,416.0164655225078,8
2024-09-17 09:48:36.504,416.0089450805468,15
2024-09-17 09:48:36.546,416.0060789967071,99
2024-09-17 09:48:36.630,416.0166408169053,997
2024-09-17 09:48:36.645,415.9906452361473,11
2024-09-17 09:48:36.681,416.0188829618587,1001
2024-09-17 09:48:36.777,415.99732538374747,96
2024-09-17 09:48:36.864,416.0104012140312,102
2024-09-17 09:48:37.163,415.9859505043581,95
2024-09-17 09:48:37.221,415.9653557706656,103
2024-09-17 09:48:37.318,415.990329801271,8
2024-09-17 09:48:37.549,415.9538714556404,15
2024-09-17 09:48:37.573,415.9822173589233,103
2024-09-17 09:48:37.585,415.98942989299866,9
2024-09-17 09:48:37.610,415.9713484102804,102
2024-09-17 09:48:37.625,415.9649378052359,105
2024-09-17 09:48:37.697,415.97409481484704,96
2024-09-17 09:48:37.745,415.9470691594935,14
2024-09-17 09:48:37.891,415.95937183010096,1004
2024-09-17 09:48:37.906,415.9690196715412,14
2024-09-17 09:48:38.191,415.9424671363901,95
2024-09-17 09:48:38.359,415.9617065326819,997
2024-09-17 09:48:38.413,415.9673332808605,9
2024-09-17 09:48:38.729,415.9536526568791,10
2024-09-17 09:48:38.794,415.9309986828905,1000
2024-09-17 09:48:38.891,415.9294525527969,104
2024-09-17 09:48:38.922,41.59684819367104,98
2024-09-17 09:48:39.063,415.9353052789601,1003
2024-09-17 09:48:39.078,415.922480803594,101
2024-09-17 09:48:39.109,415.891183809366,103
2024-09-17 09:48:39.116,415.89887880073456,1002
2024-09-17 09:48:39.128,415.9134123038993,98
2024-09-17 09:48:39.132,415.9091647728271,101
2024-09-17 09:48:39.184,415.9023164066795,996
2024-09-17 09:48:39.186,415.87636416048827,5
2024-09-17 09:48:39.220,415.9026434533058,1001
2024-09-17 09:48:39.318,415.9287894600666,996
2024-09-17 09:48:39.340,415.9156702473123,11
2024-09-17 09:48:39.418,415.89686596229,100
2024-09-17 09:48:39.498,415.8897503254359,96
2024-09-17 09:48:39.607,415.93349560107896,10
2024-09-17 09:48:39.710,415.9087283697476,12
2024-09-17 09:48:39.721,415.8926753411057,13
2024-09-17 09:48:39.774,,103
2024-09-17 09:48:39.786,415.9158491284599,1004
2024-09-17 09:48:39.800,415.92638405920894,14
2024-09-17 09:48:39.812,415.9195122120023,9
2024-09-17 09:48:39.832,415.9232164971133,105
2024-09-17 09:48:39.879,415.895820723477,1005
2024-09-17 09:48:39.897,415.9134244024772,998
2024-09-17 09:48:39.903,415.9259850413401,1004
2024-09-17 09:48:39.941,415.9102891312027,105
2024-09-17 09:48:40.098,415.9070028943624,8
2024-09-17 09:48:40.115,415.9196606093543,1002
2024-09-17 09:48:40.276,415.9118513737512,12
2024-09-17 09:48:40.469,415.8924908781908,1001
2024-09-17 09:48:40.625,415.901479437034,7
2024-09-17 09:48:40.681,415.9069409668237,15
2024-09-17 09:48:40.727,415.91005678505024,1000
2024-09-17 09:48:40.832,415.89171385322624,1004
2024-09-17 09:48:40.876,415.9178666712649,5
2024-09-17 09:48:40.927,415.9076098591764,98
2024-09-17 09:48:40.950,415.8959162802704,105
2024-09-17 09:48:41.007,415.8760746038177,104
2024-09-17 09:48:41.047,415.8930558378843,99
2024-09-17 09:48:41.065,415.8725408679778,95
2024-09-17 09:48:41.074,415.8756530385807,1005
2024-09-17 09:48:41.114,415.8875610940798,104
2024-09-17 09:48:41.128,415.885641521434,95
2024-09-17 09:48:41.158,415.8803674792746,1004
2024-09-17 09:48:41.196,415.8763344315857,97
2024-09-17 09:48:41.275,415.8946327977338,998
2024-09-17 09:48:41.331,415.8583569835818,101
2024-09-17 09:48:41.344,415.86685878060905,999
2024-09-17 09:48:41.355,415.8719841440837,102
2024-09-17 09:48:41.365,415.87625129872856,1004
2024-09-17 09:48:41.404,415.8499202887897,95
2024-09-17 09:48:41.426,415.91886023798025,995
2024-09-17 09:48:41.526,415.89490836458987,100
2024-09-17 09:48:41.538,415.8797978447367,7
2024-09-17 09:48:41.607,415.87007959180426,998
2024-09-17 09:48:41.620,415.9161418642564,999
2024-09-17 09:48:41.622,415.8521033964177,104
2024-09-17 09:48:41.651,415.8623233048476,995
2024-09-17 09:48:41.676,415.8900827837048,8
2024-09-17 09:48:41.724,415.866421659428,104
2024-09-17 09:48:41.985,415.8678619374071,95
2024-09-17 09:48:42.039,415.86250726384367,11
2024-09-17 09:48:42.131,415.8300093240416,104
2024-09-17 09:48:42.179,415.86173113573415,8
2024-09-17 09:48:42.220,415.8253334500516,5
2024-09-17 09:48:42.245,415.8203478811639,100
2024-09-17 09:48:42.265,415.8227484480556,95
2024-09-17 09:48:42.297,415.8552671276811,7
2024-09-17 09:48:42.324,415.8309294496065,999
2024-09-17 09:48:42.329,415.87965321930255,103
2024-09-17 09:48:42.335,41.58553208658509,7
2024-09-17 09:48:42.368,415.8380593656487,7
2024-09-17 09:48:42.525,415.8386150357475,5
2024-09-17 09:48:42.564,415.84335143302377,12
2024-09-17 09:48:42.590,415.856588996847,15
2024-09-17 09:48:42.642,415.85781531235256,1000
2024-09-17 09:48:42.692,415.8389487701082,13
2024-09-17 09:48:42.916,415.8232773925213,997
2024-09-17 09:48:42.937,415.8302787056895,14
2024-09-17 09:48:42.941,415.85684902387607,97
2024-09-17 09:48:42.941,415.8602101205343,95
2024-09-17 09:48:42.949,415.8605310833906,1004
2024-09-17 09:48:42.994,415.82332157613,996
2024-09-17 09:48:43.001,415.83499314792056,6
2024-09-17 09:48:43.005,415.8384396985237,103
2024-09-17 09:48:43.017,415.84125613337136,8
2024-09-17 09:48:43.074,415.8423478215655,99
2024-09-17 09:48:43.092,415.822537973518,96
2024-09-17 09:48:43.119,415.82830610045,998
2024-09-17 09:48:43.162,415.764405392676,100
2024-09-17 09:48:43.247,415.7911534880309,95
2024-09-17 09:48:43.314,415.8108040668153,7
2024-09-17 09:48:43.371,415.78948922373695,99
2024-09-17 09:48:43.406,415.8052765434721,997
2024-09-17 09:48:43.492,415.8100330452698,10
2024-09-17 09:48:43.610,415.821270379462,998
2024-09-17 09:48:43.660,415.78764994248553,100
2024-09-17 09:48:43.678,415.8355089895339,1001
2024-09-17 09:48:43.737,415.8251775492108,12
2024-09-17 09:48:43.760,415.8044235312127,8
2024-09-17 09:48:43.791,415.7936862973514,1002
2024-09-17 09:48:43.813,415.82401521482217,99
2024-09-17 09:48:43.855,415.85191692724834,995
2024-09-17 09:48:43.863,415.799337559009,10
2024-09-17 09:48:43.924,415.83085562246,10
2024-09-17 09:48:43.988,415.76841331900886,5
2024-09-17 09:48:44.034,415.8118084146623,5
2024-09-17 09:48:44.072,415.83388636500496,995
2024-09-17 09:48:44.110,415.816324986169,101
2024-09-17 09:48:44.124,415.7902627371824,15
2024-09-17 09:48:44.167,415.8309511832821,96
2024-09-17 09:48:44.177,415.82620925477255,1001
2024-09-17 09:48:44.189,415.806270743649,100
2024-09-17 09:48:44.234,415.78368255625537,14
2024-09-17 09:48:44.268,415.83459487855646,14
2024-09-17 09:48:44.348,415.7994003418313,96
2024-09-17 09:48:44.367,415.7997276139324,998
2024-09-17 09:48:44.596,415.82845903432167,1005
2024-09-17 09:48:44.662,415.8096781241032,1001
2024-09-17 09:48:44.675,415.8244729787558,8
2024-09-17 09:48:44.727,415.7941461507712,999
2024-09-17 09:48:44.839,415.81236526489306,9
2024-09-17 09:48:44.890,415.7947452297975,997
2024-09-17 09:48:44.936,415.8201221273988,101
2024-09-17 09:48:44.969,415.817328478752,104
2024-09-17 09:48:46.009,415.8294360420323,12
2024-09-17 09:48:46.026,415.8354525063032,999
2024-09-17 09:48:46.110,415.820191995607,1002
2024-09-17 09:48:46.130,415.8320723992427,1000
2024-09-17 09:48:46.188,415.8399023498996,1000
2024-09-17 09:48:46.208,415.8384427788481,7
2024-09-17 09:48:46.241,415.8311212458741,15
2024-09-17 09:48:46.263,415.8167900840046,97
2024-09-17 09:48:46.271,415.84360098096585,996
2024-09-17 09:48:46.287,415.8197167677391,100
2024-09-17 09:48:46.383,415.8398482029011,11
2024-09-17 09:48:46.454,415.8503071111505,1001
2024-09-17 09:48:46.528,415.8400004219142,7
2024-09-17 09:48:46.596,415.82584341702574,11
2024-09-17 09:48:46.705,415.8503904168248,15
2024-09-17 09:48:46.729,415.8472797979289,1001
2024-09-17 09:48:46.879,415.8379846021968,15
2024-09-17 09:48:46.907,415.83912182813503,102
2024-09-17 09:48:46.980,415.8445425226568,9
2024-09-17 09:48:47.001,415.8124593652688,97
2024-09-17 09:48:47.008,415.86348858157913,998
2024-09-17 09:48:47.020,415.8247957449464,102
2024-09-17 09:48:47.021,415.8333470600985,11
2024-09-17 09:48:47.085,415.8431376342147,1000
2024-09-17 09:48:47.167,415.86864786459,12
2024-09-17 09:48:47.197,415.8452008795171,12
2024-09-17 09:48:47.206,415.845326200626,96
2024-09-17 09:48:47.233,415.84586100154553,96
2024-09-17 09:48:47.257,415.8491171138807,98
2024-09-17 09:48:47.267,415.8788134996415,101
2024-09-17 09:48:47.277,415.883630528359,14
2024-09-17 09:48:47.281,415.8734352384755,104
2024-09-17 09:48:47.296,415.8552472633162,1004
2024-09-17 09:48:47.346,415.85286925606,10
2024-09-17 09:48:47.356,415.84758828043306,14
2024-09-17 09:48:47.416,415.82912852084576,10
2024-09-17 09:48:47.468,415.8646621726878,15
2024-09-17 09:48:47.514,415.8030632696149,995
2024-09-17 09:48:47.559,415.85810762953366,15
2024-09-17 09:48:47.576,415.8375552716058,101
2024-09-17 09:48:47.638,415.7926721911613,998
2024-09-17 09:48:47.673,415.8609034424597,5
2024-09-17 09:48:47.679,-415.85993195748847,1004
2024-09-17 09:48:47.680,415.8697862399053,96
2024-09-17 09:48:47.729,415.82635358256977,101
2024-09-17 09:48:47.757,415.87617077314445,5
2024-09-17 09:48:47.773,415.8671007672659,6
2024-09-17 09:48:47.816,415.8217435978705,7
2024-09-17 09:48:47.837,,100
2024-09-17 09:48:48.016,415.7773350735958,104
2024-09-17 09:48:48.105,415.7538434503929,14
2024-09-17 09:48:48.217,415.74732350279976,97
2024-09-17 09:48:48.314,415.7357456306861,98
2024-09-17 09:48:48.350,415.7706426153012,100
2024-09-17 09:48:48.544,415.7555038975147,102
2024-09-17 09:48:48.585,415.77732089801896,1002
2024-09-17 09:48:48.598,415.7520906504393,105
2024-09-17 09:48:48.628,415.7523265318565,1003
2024-09-17 09:48:48.661,415.74771939597895,96
2024-09-17 09:48:48.766,415.7774159121317,6
2024-09-17 09:48:48.784,415.71268974381184,7
2024-09-17 09:48:48.860,415.7566480492439,15
2024-09-17 09:48:48.882,415.7572198083096,9
2024-09-17 09:48:48.950,415.7426883138929,1000
2024-09-17 09:48:48.963,415.7596414593513,1003
2024-09-17 09:48:48.994,415.74501033918347,100
2024-09-17 09:48:49.235,415.7080996920213,1003
2024-09-17 09:48:49.985,415.73642466352857,10
2024-09-17 09:48:50.160,415.71996252626576,5
2024-09-17 09:48:50.212,415.7093989458161,12
2024-09-17 09:48:50.326,415.7354340641068,1000
2024-09-17 09:48:50.382,415.7520083309725,15
2024-09-17 09:48:50.454,415.72442644141887,12
2024-09-17 09:48:50.591,415.7726943457114,101
2024-09-17 09:48:50.731,415.7137935255514,102
2024-09-17 09:48:50.747,415.7337324874455,100
2024-09-17 09:48:50.766,415.7310490639587,102
2024-09-17 09:48:50.864,415.7125894159912,99
2024-09-17 09:48:50.936,415.7251249495532,995
2024-09-17 09:48:51.047,415.7769909239996,99
2024-09-17 09:48:51.102,415.7510768012506,14
2024-09-17 09:48:51.136,415.75753200553953,97
2024-09-17 09:48:51.178,415.747954512724,99
2024-09-17 09:48:51.210,415.7451306268389,101
2024-09-17 09:48:51.243,415.7740258730843,998
2024-09-17 09:48:51.257,415.74256291735605,97
2024-09-17 09:48:51.262,415.774352170794,999
2024-09-17 09:48:51.390,415.7530034458904,100
2024-09-17 09:48:51.511,415.7430481120732,996
2024-09-17 09:48:51.679,415.7426588647572,95
2024-09-17 09:48:51.695,415.7425508706853,1003
2024-09-17 09:48:51.697,415.7838756607192,1002
2024-09-17 09:48:51.762,415.73834973374784,7
2024-09-17 09:48:51.794,415.7605734704835,95
2024-09-17 09:48:51.944,415.7268697557605,105
2024-09-17 09:48:51.976,415.7358059759595,104
2024-09-17 09:48:52.060,415.7306511770968,5
2024-09-17 09:48:52.071,415.73731475876616,1003
2024-09-17 09:48:52.081,415.73833584430105,5
2024-09-17 09:48:52.082,415.7385012479044,101
2024-09-17 09:48:52.138,415.754323978128,1001
2024-09-17 09:48:52.191,415.7328558421264,10
2024-09-17 09:48:52.242,415.74967849906847,101
2024-09-17 09:48:52.249,415.7353466545552,105
2024-09-17 09:48:52.329,415.7163516922999,104
2024-09-17 09:48:52.363,415.72956687027727,8
2024-09-17 09:48:52.487,415.72569574464,13
2024-09-17 09:48:52.496,415.7385884089754,97
2024-09-17 09:48:52.501,415.7338512403512,995
2024-09-17 09:48:52.524,415.7263223770497,101
2024-09-17 09:48:52.599,415.7291771817041,997
2024-09-17 09:48:52.687,415.7403785255159,995
2024-09-17 09:48:52.697,415.7518989131379,9
2024-09-17 09:48:52.708,415.70982173792527,999
2024-09-17 09:48:52.747,415.7473034323293,996
2024-09-17 09:48:52.752,415.7283958681785,997
2024-09-17 09:48:52.775,415.7294175140204,13
2024-09-17 09:48:52.872,415.7687983244148,102
2024-09-17 09:48:52.892,415.74627180954207,9
2024-09-17 09:48:52.978,415.7320801593802,8
2024-09-17 09:48:53.155,415.7224169062775,996
2024-09-17 09:48:53.184,415.7626226522499,105
2024-09-17 09:48:53.249,415.7377173469459,5
2024-09-17 09:48:53.256,415.7322259141799,1005
2024-09-17 09:48:53.525,415.7596047292644,6
2024-09-17 09:48:53.614,415.7676060387497,1004
2024-09-17 09:48:53.691,415.77877522985625,99
2024-09-17 09:48:53.717,415.7515257435771,95
2024-09-17 09:48:53.821,415.75481196923806,11
2024-09-17 09:48:53.826,415.7569372380481,12
2024-09-17 09:48:53.948,415.7502312887527,1004
2024-09-17 09:48:53.956,415.7640663686313,8
2024-09-17 09:48:54.012,415.7764725059333,12
2024-09-17 09:48:54.042,415.66379701729227,10
2024-09-17 09:48:54.061,415.66152001589376,7
2024-09-17 09:48:54.062,415.72630312279455,9
2024-09-17 09:48:54.112,415.64892996334754,105
2024-09-17 09:48:54.162,415.6527172509465,96
2024-09-17 09:48:54.168,415.6620925648921,14
2024-09-17 09:48:54.217,415.6741617250877,95
2024-09-17 09:48:54.224,415.72310383806814,6
2024-09-17 09:48:54.241,415.6630195525202,1004
2024-09-17 09:48:54.305,,10
2024-09-17 09:48:54.326,415.66802158838624,6
2024-09-17 09:48:54.388,415.68054360644953,999
2024-09-17 09:48:54.389,415.67264576530897,97
2024-09-17 09:48:54.466,415.6597551461484,9
2024-09-17 09:48:54.469,415.6668917788555,10
2024-09-17 09:48:54.534,415.7639371364685,12
2024-09-17 09:48:54.551,415.6922643438402,998
2024-09-17 09:48:54.585,415.74930443578415,7
2024-09-17 09:48:54.590,415.6609434085573,1004
2024-09-17 09:48:54.661,415.65682508690895,99
2024-09-17 09:48:54.735,415.6819991977361,9
2024-09-17 09:48:54.810,415.6919052602439,15
2024-09-17 09:48:54.834,415.6794664701568,6
2024-09-17 09:48:54.859,415.72838363384494,96
2024-09-17 09:48:54.941,415.741316374484,100
2024-09-17 09:48:54.955,,996
2024-09-17 09:48:54.967,415.6823665351269,6
2024-09-17 09:48:54.978,415.66624391530337,1002
2024-09-17 09:48:55.007,415.6398223378265,1000
2024-09-17 09:48:55.099,415.6266870317074,101
2024-09-17 09:48:55.272,415.64831395475903,13
2024-09-17 09:48:55.295,415.68822568796367,98
2024-09-17 09:48:55.439,415.6325356896365,11
2024-09-17 09:48:55.512,415.63797534523707,10
2024-09-17 09:48:55.719,415.6613655377768,9
2024-09-17 09:48:55.917,415.63918963761,1002
2024-09-17 09:48:55.996,415.7039972746818,995
2024-09-17 09:48:56.119,415.56228710187474,102
2024-09-17 09:48:56.156,415.5883136690664,98
2024-09-17 09:48:56.269,415.5429185711083,10
2024-09-17 09:48:56.428,415.5487882624041,103
2024-09-17 09:48:56.442,415.6088518370727,96
2024-09-17 09:48:56.508,415.5489065645627,995
2024-09-17 09:48:56.560,415.5509520793548,101
2024-09-17 09:48:56.633,415.6082021864455,996
2024-09-17 09:48:56.722,415.5544556960842,103
2024-09-17 09:48:56.770,415.5404972519987,1004
2024-09-17 09:48:56.852,415.6294144521423,96
2024-09-17 09:48:56.863,415.5821430745386,95
2024-09-17 09:48:56.916,415.6399963958351,15
2024-09-17 09:48:56.917,415.5426466459001,10
2024-09-17 09:48:57.028,415.65125105399727,6
2024-09-17 09:48:57.030,415.6306282446297,1001
2024-09-17 09:48:57.037,415.5871885475506,997
2024-09-17 09:48:57.056,415.60820867446,1004
2024-09-17 09:48:57.098,415.589565416165,996
2024-09-17 09:48:57.135,415.59964544592185,11
2024-09-17 09:48:57.177,415.58440712459526,997
2024-09-17 09:48:57.276,415.6147606667536,996
2024-09-17 09:48:57.324,415.633991319108,103
2024-09-17 09:48:57.345,415.6394111107737,103
2024-09-17 09:48:57.411,415.6089298080782,1004
2024-09-17 09:48:57.425,415.627142814209,6
2024-09-17 09:48:57.468,415.65501696736544,12
2024-09-17 09:48:57.532,415.6479047077565,100
2024-09-17 09:48:57.739,415.6236852241945,998
2024-09-17 09:48:57.790,415.625224915531,105
2024-09-17 09:48:57.824,415.6448955001214,104
2024-09-17 09:48:57.904,415.58266370859496,1000
2024-09-17 09:48:57.975,415.6629389617474,98
2024-09-17 09:48:58.657,415.5753779335544,995
2024-09-17 09:48:59.029,415.5765927768381,97
2024-09-17 09:48:59.074,415.58936713294446,14
2024-09-17 09:48:59.196,415.5666670855576,1002
2024-09-17 09:48:59.216,415.5994791018428,15
2024-09-17 09:48:59.312,415.5669360603777,96
2024-09-17 09:48:59.360,415.6010525123357,1002
2024-09-17 09:48:59.390,415.5682697220787,10
2024-09-17 09:48:59.405,415.5792840894182,1003
2024-09-17 09:48:59.423,415.565327442278,104
2024-09-17 09:48:59.549,415.5991945676972,998
2024-09-17 09:48:59.561,415.5608010899175,999
2024-09-17 09:48:59.562,415.57027887799023,1002
2024-09-17 09:48:59.637,415.5456410071688,7
2024-09-17 09:48:59.765,415.5532992158221,95
2024-09-17 09:48:59.783,415.5734864716555,1005
2024-09-17 09:48:59.845,415.595783638641,998
2024-09-17 09:48:59.850,-415.5751359556581,101
2024-09-17 09:48:59.906,415.5537368830052,101
