Timestamp,Price,Size
2024-09-18 14:46:00.064,413.56119218452335,95
2024-09-18 14:46:00.173,413.5358501664714,6
2024-09-18 14:46:00.252,413.53219878719807,5
2024-09-18 14:46:00.278,413.5327450219429,102
2024-09-18 14:46:00.290,413.5573369395572,5
2024-09-18 14:46:00.298,413.5629088112252,105
2024-09-18 14:46:00.467,413.56921057203823,996
2024-09-18 14:46:00.512,413.60553574222695,7
2024-09-18 14:46:00.577,413.562743709909,1004
2024-09-18 14:46:00.958,413.5991650510431,999
2024-09-18 14:46:01.045,413.56297075970167,1000
2024-09-18 14:46:01.071,413.5706153889953,997
2024-09-18 14:46:01.106,413.582422946155,1001
2024-09-18 14:46:01.212,413.64937533546754,102
2024-09-18 14:46:01.236,413.6311368543874,1005
2024-09-18 14:46:01.294,413.6636702420023,15
2024-09-18 14:46:01.294,413.5794898285204,11
2024-09-18 14:46:01.328,413.6620309586265,99
2024-09-18 14:46:01.376,413.6151615903508,6
2024-09-18 14:46:01.427,413.6410911243885,104
2024-09-18 14:46:01.444,413.6633160374538,1004
2024-09-18 14:46:01.475,413.6215827571144,100
2024-09-18 14:46:01.486,413.643093633361,996
2024-09-18 14:46:01.493,413.6183289475885,97
2024-09-18 14:46:01.501,413.5670498678327,1002
2024-09-18 14:46:01.505,413.6765483095224,10
2024-09-18 14:46:01.534,413.6436049755708,97
2024-09-18 14:46:01.560,413.6829550548182,8
2024-09-18 14:46:01.563,413.69136072543625,104
2024-09-18 14:46:01.569,413.60610291267614,15
2024-09-18 14:46:01.571,413.636171382386,13
2024-09-18 14:46:01.579,413.5791973269938,99
2024-09-18 14:46:01.723,413.6670409892749,1004
2024-09-18 14:46:01.755,413.5941246102841,999
2024-09-18 14:46:01.804,413.58457369333337,6
2024-09-18 14:46:01.817,413.5612492562073,100
2024-09-18 14:46:01.872,413.65204410652296,998
2024-09-18 14:46:01.978,413.6481216735283,95
2024-09-18 14:46:02.012,413.6900412343,101
2024-09-18 14:46:02.111,413.7198140746161,102
2024-09-18 14:46:02.114,413.71854829845233,9
2024-09-18 14:46:02.209,413.7071385797751,15
2024-09-18 14:46:02.281,413.7217636958596,99
2024-09-18 14:46:02.302,413.7161243836528,1004
2024-09-18 14:46:02.653,413.6891807228436,998
2024-09-18 14:46:02.727,413.7083982447738,13
2024-09-18 14:46:02.778,413.70756230847536,1001
2024-09-18 14:46:02.818,413.720104554524,14
2024-09-18 14:46:02.859,413.70726553176456,98
2024-09-18 14:46:02.948,413.717924674406,1003
2024-09-18 14:46:03.039,413.74900373836937,1000
2024-09-18 14:46:03.148,413.76352182672713,12
2024-09-18 14:46:03.173,413.7639799100924,998
2024-09-18 14:46:03.177,413.7536264742335,12
2024-09-18 14:46:03.204,413.7257554408899,997
2024-09-18 14:46:03.205,413.79185168954587,98
2024-09-18 14:46:03.225,413.70961619289966,1002
2024-09-18 14:46:03.299,413.7674230026204,12
2024-09-18 14:46:03.342,413.8106607797155,996
2024-09-18 14:46:03.356,413.8070873196668,102
2024-09-18 14:46:03.404,413.7298279725974,1004
2024-09-18 14:46:03.560,413.7584790258783,99
2024-09-18 14:46:03.565,407.2963674452213,1002
2024-09-18 14:46:03.581,413.7569931221341,8
2024-09-18 14:46:03.583,413.7687797651129,999
2024-09-18 14:46:03.641,413.7504779679903,105
2024-09-18 14:46:03.670,413.7806529231004,96
2024-09-18 14:46:03.717,413.7517650971046,96
2024-09-18 14:46:03.882,413.7485812899429,1002
2024-09-18 14:46:03.882,-413.8218526266351,103
2024-09-18 14:46:03.970,413.8114235723458,5
2024-09-18 14:46:04.072,407.2726338303642,103
2024-09-18 14:46:04.104,413.77401190024176,996
2024-09-18 14:46:04.109,413.7519616958253,10
2024-09-18 14:46:04.125,413.7333602611269,102
2024-09-18 14:46:04.133,413.8038643660955,7
2024-09-18 14:46:04.203,413.79364720708793,100
2024-09-18 14:46:04.246,413.7481828141761,998
2024-09-18 14:46:04.278,413.7585843129605,7
2024-09-18 14:46:04.281,413.73090793209536,8
2024-09-18 14:46:04.326,413.7370436116813,95
2024-09-18 14:46:04.372,413.7296250937454,7
2024-09-18 14:46:04.387,413.72695755949815,96
2024-09-18 14:46:04.452,413.75627532713486,96
2024-09-18 14:46:04.483,413.7573316389133,1003
2024-09-18 14:46:04.552,413.7448595809056,14
2024-09-18 14:46:04.576,413.72658704137615,999
2024-09-18 14:46:04.583,413.7336377433009,1004
2024-09-18 14:46:04.628,413.7381387659718,999
2024-09-18 14:46:04.653,413.7810449204472,8
2024-09-18 14:46:04.755,-413.8143566081449,14
2024-09-18 14:46:04.781,413.75342068632256,7
2024-09-18 14:46:04.802,413.72980992164094,7
2024-09-18 14:46:04.852,413.7357143202404,105
2024-09-18 14:46:04.903,413.74416377273656,1005
2024-09-18 14:46:04.971,413.73958981152,105
2024-09-18 14:46:04.985,413.7505564260138,9
2024-09-18 14:46:05.635,413.7093338606557,99
2024-09-18 14:46:05.807,413.7307323118442,11
2024-09-18 14:46:06.168,413.697670364486,995
2024-09-18 14:46:06.196,413.7147169497019,15
2024-09-18 14:46:06.277,413.73035996090806,1000
2024-09-18 14:46:06.506,413.7272164029221,95
2024-09-18 14:46:06.931,413.70079579786704,14
2024-09-18 14:46:07.013,413.7268484843971,1000
2024-09-18 14:46:07.056,413.75363217183246,15
2024-09-18 14:46:07.122,413.68811156553096,102
2024-09-18 14:46:07.124,413.7686877856793,102
2024-09-18 14:46:07.131,413.7682841364538,97
2024-09-18 14:46:07.243,413.7395161790354,1003
2024-09-18 14:46:07.351,413.7698272309325,98
2024-09-18 14:46:07.403,413.73553280205385,1003
2024-09-18 14:46:07.403,413.75045427916825,9
2024-09-18 14:46:07.420,413.74496831361023,11
2024-09-18 14:46:07.458,413.7412528926202,9
2024-09-18 14:46:07.485,41.37557853649153,7
2024-09-18 14:46:07.488,413.7497170754349,103
2024-09-18 14:46:07.546,413.7202981051256,997
2024-09-18 14:46:07.614,-413.7534630346786,11
2024-09-18 14:46:07.694,413.7236007893694,12
2024-09-18 14:46:07.697,413.6860116254287,1001
2024-09-18 14:46:07.705,413.7816356153838,8
2024-09-18 14:46:07.706,413.7275181917883,100
2024-09-18 14:46:07.733,413.7470016988052,15
2024-09-18 14:46:07.776,413.7659621262698,97
2024-09-18 14:46:07.780,413.753745787212,101
2024-09-18 14:46:07.893,413.72646882944895,996
2024-09-18 14:46:07.914,413.7380229873661,6
2024-09-18 14:46:07.927,413.73183263438005,999
2024-09-18 14:46:07.959,413.7649288785647,15
2024-09-18 14:46:08.038,413.685251319962,96
2024-09-18 14:46:08.117,413.6888433772214,8
2024-09-18 14:46:08.137,413.6989290926959,997
2024-09-18 14:46:08.138,413.7268101358125,98
2024-09-18 14:46:08.229,413.7028166075463,99
2024-09-18 14:46:08.248,413.7110238635401,10
2024-09-18 14:46:08.252,413.727591514758,104
2024-09-18 14:46:08.284,413.7244403214142,103
2024-09-18 14:46:08.284,,999
2024-09-18 14:46:08.311,413.682559048318,9
2024-09-18 14:46:08.320,413.712451140835,12
2024-09-18 14:46:08.329,413.7387347350459,104
2024-09-18 14:46:08.472,413.7149954514328,1001
2024-09-18 14:46:08.514,413.6840049715597,999
2024-09-18 14:46:08.589,413.70362153234976,13
2024-09-18 14:46:08.605,413.7243037009168,997
2024-09-18 14:46:08.625,413.6905961278236,101
2024-09-18 14:46:08.744,413.71479519371337,1000
2024-09-18 14:46:08.762,413.6956983972305,97
2024-09-18 14:46:08.811,413.7140656560081,6
2024-09-18 14:46:08.966,413.7140358794553,100
2024-09-18 14:46:08.975,413.7295464096799,997
2024-09-18 14:46:09.610,413.7271992528336,998
2024-09-18 14:46:09.936,413.7278070171912,99
2024-09-18 14:46:10.059,413.72826851960656,5
2024-09-18 14:46:10.208,413.7216114117708,103
2024-09-18 14:46:10.212,413.6906231610128,997
2024-09-18 14:46:10.284,413.70367423424,96
2024-09-18 14:46:10.319,413.7455578922152,102
2024-09-18 14:46:10.338,413.7470449909701,1000
2024-09-18 14:46:10.357,413.70729383908497,10
2024-09-18 14:46:10.422,413.70465054015887,10
2024-09-18 14:46:10.432,413.7033551503421,102
2024-09-18 14:46:10.442,413.7055592959334,9
2024-09-18 14:46:10.490,413.7562958507237,1003
2024-09-18 14:46:10.493,413.71975724722,11
2024-09-18 14:46:10.556,413.71781925593615,96
2024-09-18 14:46:10.583,413.7544993350266,995
2024-09-18 14:46:10.632,413.7261336415605,9
2024-09-18 14:46:10.661,413.6847022314785,1003
2024-09-18 14:46:10.669,413.6875059025453,10
2024-09-18 14:46:10.699,413.7284905418814,9
2024-09-18 14:46:10.719,413.7580261413375,997
2024-09-18 14:46:10.812,413.75936364322337,5
2024-09-18 14:46:10.896,413.7323497533528,996
2024-09-18 14:46:10.918,413.7422917194112,999
2024-09-18 14:46:10.920,413.698695211546,999
2024-09-18 14:46:10.979,413.7123692121963,95
2024-09-18 14:46:11.045,413.76561457379904,104
2024-09-18 14:46:11.056,413.7603131513208,1005
2024-09-18 14:46:11.067,413.744742186702,6
2024-09-18 14:46:11.171,413.7994688137646,96
2024-09-18 14:46:11.199,413.7529913051233,15
2024-09-18 14:46:11.204,413.7940500123923,998
2024-09-18 14:46:11.348,413.7916566591573,998
2024-09-18 14:46:11.392,413.78172380511296,7
2024-09-18 14:46:11.421,413.74976934192057,12
2024-09-18 14:46:11.429,413.758765984737,1004
2024-09-18 14:46:11.504,413.77631740893,7
2024-09-18 14:46:11.524,413.7732090446669,9
2024-09-18 14:46:11.546,413.7862757354177,100
2024-09-18 14:46:11.691,413.7895972010135,5
2024-09-18 14:46:11.699,413.7596062986469,10
2024-09-18 14:46:11.755,413.7646136514268,13
2024-09-18 14:46:11.771,413.79900747588994,98
2024-09-18 14:46:11.804,413.7836766656837,8
2024-09-18 14:46:11.833,413.7965892060877,13
2024-09-18 14:46:11.842,413.7669015928776,97
2024-09-18 14:46:11.845,413.7943717711704,1003
2024-09-18 14:46:11.860,413.79375017971495,1001
2024-09-18 14:46:11.881,413.7540566805599,101
2024-09-18 14:46:11.982,413.8049076302208,102
2024-09-18 14:46:11.995,413.77817443486526,6
2024-09-18 14:46:13.166,413.8021723346015,104
2024-09-18 14:46:13.213,413.8101939966845,103
2024-09-18 14:46:13.237,413.796369914047,11
2024-09-18 14:46:13.349,413.8042207903448,103
2024-09-18 14:46:13.391,413.8160579491906,97
2024-09-18 14:46:13.408,413.8063269874429,98
2024-09-18 14:46:13.472,413.81249505422767,1005
2024-09-18 14:46:13.655,413.7972378501461,101
2024-09-18 14:46:13.676,413.81886312673765,999
2024-09-18 14:46:13.739,413.8026033905357,97
2024-09-18 14:46:13.772,413.8016954178162,101
2024-09-18 14:46:13.876,413.8062404971248,103
2024-09-18 14:46:13.990,413.7923369811759,102
2024-09-18 14:46:14.058,413.7873508482525,1005
2024-09-18 14:46:14.071,413.7926970938241,95
2024-09-18 14:46:14.186,413.7788000374409,1003
2024-09-18 14:46:14.248,413.7783825853867,15
2024-09-18 14:46:14.272,413.7653018418732,8
2024-09-18 14:46:14.323,413.7961462027869,997
2024-09-18 14:46:14.424,413.7968744680621,101
2024-09-18 14:46:14.456,413.7829787779736,1003
2024-09-18 14:46:14.524,413.8272982596503,103
2024-09-18 14:46:14.530,413.8174342686257,10
2024-09-18 14:46:14.537,413.81746869161,97
2024-09-18 14:46:14.695,413.79494331113295,103
2024-09-18 14:46:14.720,413.7753202306173,998
2024-09-18 14:46:14.805,413.80541752996055,995
2024-09-18 14:46:14.836,413.8122485341956,101
2024-09-18 14:46:14.889,413.7834561331292,97
2024-09-18 14:46:14.912,413.8072893386442,996
2024-09-18 14:46:14.921,413.7688212208221,1003
2024-09-18 14:46:14.938,413.7904231867066,7
2024-09-18 14:46:14.969,413.7848652305871,997
2024-09-18 14:46:14.999,413.8122022026509,1005
2024-09-18 14:46:15.058,413.92401678593046,98
2024-09-18 14:46:15.221,413.8752642621965,1002
2024-09-18 14:46:15.230,413.9499384969102,98
2024-09-18 14:46:15.245,413.9306393117342,10
2024-09-18 14:46:15.259,413.9476187975827,98
2024-09-18 14:46:15.286,413.847638148583,102
2024-09-18 14:46:15.428,413.87004469857874,1001
2024-09-18 14:46:15.483,413.82884956643096,13
2024-09-18 14:46:15.522,413.7968501787204,12
2024-09-18 14:46:15.741,413.93344847320407,1005
2024-09-18 14:46:15.774,413.9108434275668,104
2024-09-18 14:46:15.820,413.8026385943151,98
2024-09-18 14:46:15.831,413.9145313068055,1005
2024-09-18 14:46:15.847,407.4077511727087,103
2024-09-18 14:46:15.876,413.9096969736926,1003
2024-09-18 14:46:15.905,413.9030245407303,9
2024-09-18 14:46:15.940,413.87879184974827,97
2024-09-18 14:46:15.954,,1005
2024-09-18 14:46:15.955,413.93194275157794,11
2024-09-18 14:46:15.992,413.9220821724834,9
2024-09-18 14:46:16.106,413.95562676598354,15
2024-09-18 14:46:16.617,413.9269026943495,98
2024-09-18 14:46:16.681,413.9486779581838,7
2024-09-18 14:46:16.735,413.92554885231766,101
2024-09-18 14:46:16.840,413.9331906062128,996
2024-09-18 14:46:16.923,413.93236329501343,999
2024-09-18 14:46:17.015,413.889663753414,1004
2024-09-18 14:46:17.052,413.915550874413,11
2024-09-18 14:46:17.081,413.9186786581064,105
2024-09-18 14:46:17.129,413.90459590679546,97
2024-09-18 14:46:17.138,413.85600891776016,96
2024-09-18 14:46:17.145,413.8877509663191,1004
2024-09-18 14:46:17.164,413.8870815084932,1003
2024-09-18 14:46:17.184,413.8872862578328,1002
2024-09-18 14:46:17.196,413.90480787107816,105
2024-09-18 14:46:17.208,413.8988369792497,9
2024-09-18 14:46:17.211,413.91316477191896,995
2024-09-18 14:46:17.312,413.8726643202435,7
2024-09-18 14:46:17.536,413.8863362005103,1001
2024-09-18 14:46:17.547,413.86033367654704,98
2024-09-18 14:46:17.629,413.9279518672681,101
2024-09-18 14:46:17.693,413.9016204820678,997
2024-09-18 14:46:17.709,413.90177592147967,1004
2024-09-18 14:46:17.760,413.8766167009101,97
2024-09-18 14:46:17.772,413.9184754300439,103
2024-09-18 14:46:17.783,413.91120147895896,102
2024-09-18 14:46:17.792,413.881151772205,999
2024-09-18 14:46:17.850,41.38784865878458,14
2024-09-18 14:46:17.964,413.9276877915912,98
2024-09-18 14:46:17.979,413.901146308652,100
2024-09-18 14:46:18.008,413.9187393292336,997
2024-09-18 14:46:18.117,,101
2024-09-18 14:46:18.410,413.9292967087822,11
2024-09-18 14:46:18.595,413.9201149592759,11
2024-09-18 14:46:18.618,413.9229605691751,14
2024-09-18 14:46:18.710,413.9207315236266,996
2024-09-18 14:46:18.714,413.9389743838032,97
2024-09-18 14:46:18.831,413.92357890716977,9
2024-09-18 14:46:20.029,413.9693736127298,14
2024-09-18 14:46:20.038,414.01699311536765,1002
2024-09-18 14:46:20.115,413.95296790956087,14
2024-09-18 14:46:20.321,414.0180307288585,96
2024-09-18 14:46:20.697,414.0030107014691,102
2024-09-18 14:46:20.725,413.9560838556529,10
2024-09-18 14:46:20.739,414.0323837671545,99
2024-09-18 14:46:20.756,413.9514103672616,13
2024-09-18 14:46:20.767,413.9410140127754,1002
2024-09-18 14:46:21.084,414.01884067895816,105
2024-09-18 14:46:21.109,414.0161592354153,9
2024-09-18 14:46:21.136,414.030876324912,10
2024-09-18 14:46:21.274,414.0105048995642,14
2024-09-18 14:46:21.310,,105
2024-09-18 14:46:21.323,414.0013865373584,11
2024-09-18 14:46:21.421,414.0113103470705,7
2024-09-18 14:46:21.668,414.0232824869075,12
2024-09-18 14:46:21.715,413.98706966692055,97
2024-09-18 14:46:21.767,414.0048988622268,997
2024-09-18 14:46:21.835,414.0232943678735,999
2024-09-18 14:46:21.909,,11
2024-09-18 14:46:22.009,413.9880323324071,96
2024-09-18 14:46:22.058,413.9429149052217,98
2024-09-18 14:46:22.266,413.9828455328034,13
2024-09-18 14:46:22.311,413.97117338032353,105
2024-09-18 14:46:22.443,-413.9671896276312,97
2024-09-18 14:46:22.480,413.9605134828751,99
2024-09-18 14:46:22.596,413.9739389052425,995
2024-09-18 14:46:22.677,413.9363988555258,15
2024-09-18 14:46:22.745,413.9570612953682,998
2024-09-18 14:46:22.794,413.9571460236901,101
2024-09-18 14:46:22.911,413.9824350357679,97
2024-09-18 14:46:23.112,413.94890556137824,1000
2024-09-18 14:46:23.157,413.943418822161,103
2024-09-18 14:46:23.305,413.95652172314885,996
2024-09-18 14:46:24.270,413.9978252112203,996
2024-09-18 14:46:24.536,413.9337649377061,95
2024-09-18 14:46:24.860,413.9482456389012,1004
2024-09-18 14:46:24.874,413.988357794247,14
2024-09-18 14:46:24.993,413.9758548391314,103
2024-09-18 14:46:25.035,413.97680157168327,999
2024-09-18 14:46:25.129,414.000633265264,5
2024-09-18 14:46:25.339,413.9526948771178,997
2024-09-18 14:46:25.380,413.9537191942038,999
2024-09-18 14:46:25.455,413.97875025635926,15
2024-09-18 14:46:25.496,41.39667244909937,999
2024-09-18 14:46:25.567,413.977305094509,1000
2024-09-18 14:46:25.850,413.9785368495,6
2024-09-18 14:46:25.858,413.9584767798448,996
2024-09-18 14:46:26.103,413.9061805200031,1002
2024-09-18 14:46:26.108,413.8922130328724,97
2024-09-18 14:46:26.181,413.9542367389666,1003
2024-09-18 14:46:26.233,413.90475532069166,96
2024-09-18 14:46:26.333,413.88114795823776,1004
2024-09-18 14:46:26.370,413.955377695711,15
2024-09-18 14:46:26.500,413.9931348365855,100
2024-09-18 14:46:26.538,413.9116829500728,996
2024-09-18 14:46:26.546,413.8850234598817,103
2024-09-18 14:46:26.629,413.8961667705323,1001
2024-09-18 14:46:26.631,413.93927859685465,98
2024-09-18 14:46:26.653,413.9061620441898,1001
2024-09-18 14:46:26.707,413.8972569564538,996
2024-09-18 14:46:26.729,413.9019441871213,15
2024-09-18 14:46:26.756,413.9036371759499,95
2024-09-18 14:46:26.762,413.8887456680567,13
2024-09-18 14:46:26.832,413.8710779568079,102
2024-09-18 14:46:26.883,413.97314309996193,8
2024-09-18 14:46:26.898,413.8927932589111,999
2024-09-18 14:46:26.920,413.9877100875577,103
2024-09-18 14:46:27.011,413.9836814628191,9
2024-09-18 14:46:27.055,413.9880163175389,1005
2024-09-18 14:46:27.072,413.9482350007561,7
2024-09-18 14:46:27.079,413.8299545838488,1002
2024-09-18 14:46:27.091,413.9428419247939,5
2024-09-18 14:46:27.185,413.8330836313496,996
2024-09-18 14:46:27.191,413.8625781379829,1002
2024-09-18 14:46:27.219,413.8818344631068,11
2024-09-18 14:46:27.244,413.830479784179,14
2024-09-18 14:46:27.289,413.9780287452255,14
2024-09-18 14:46:27.306,413.9666430885215,6
2024-09-18 14:46:27.338,413.98183468995,101
2024-09-18 14:46:27.379,41.39923190156759,7
2024-09-18 14:46:27.406,413.8269295508218,105
2024-09-18 14:46:27.439,413.9243781667425,1004
2024-09-18 14:46:27.483,413.9579836770035,7
2024-09-18 14:46:27.565,413.8809492913043,99
2024-09-18 14:46:27.570,413.9485071291526,102
2024-09-18 14:46:27.591,413.8493178052814,14
2024-09-18 14:46:27.626,413.9566347710104,998
2024-09-18 14:46:27.652,414.0080451360135,998
2024-09-18 14:46:27.716,413.901062665928,104
2024-09-18 14:46:27.753,413.974254375681,1001
2024-09-18 14:46:27.763,413.9857619134182,96
2024-09-18 14:46:27.799,413.93775113258897,101
2024-09-18 14:46:27.809,413.9926124861911,1004
2024-09-18 14:46:27.826,413.8406447134709,104
2024-09-18 14:46:27.945,413.91082563744544,97
2024-09-18 14:46:27.951,413.9614571915387,12
2024-09-18 14:46:28.131,413.8662077946298,104
2024-09-18 14:46:28.273,41.385870777997866,105
2024-09-18 14:46:28.278,,10
2024-09-18 14:46:28.317,413.88653218102166,13
2024-09-18 14:46:28.332,413.8973176035517,105
2024-09-18 14:46:28.366,413.8637357273963,14
2024-09-18 14:46:28.382,413.8328794916928,104
2024-09-18 14:46:28.443,413.8837787299242,105
2024-09-18 14:46:28.447,413.8902212367963,101
2024-09-18 14:46:28.450,413.87951521489015,96
2024-09-18 14:46:28.454,413.8813534210013,6
2024-09-18 14:46:28.462,413.88869961427264,13
2024-09-18 14:46:28.487,413.87428033685495,995
2024-09-18 14:46:28.496,413.8574701969454,1004
2024-09-18 14:46:28.521,413.8623208747649,1004
2024-09-18 14:46:28.523,413.87943109706833,102
2024-09-18 14:46:28.533,413.8754299334181,103
2024-09-18 14:46:28.622,413.84989690591374,101
2024-09-18 14:46:28.739,413.8465877945158,14
2024-09-18 14:46:28.791,413.8679146400471,15
2024-09-18 14:46:28.792,413.84749718707184,998
2024-09-18 14:46:28.815,413.8812576169772,13
2024-09-18 14:46:28.849,413.8726068310963,7
2024-09-18 14:46:28.953,413.8705895505652,998
2024-09-18 14:46:29.057,413.8944282861446,101
2024-09-18 14:46:29.085,413.88918065274754,97
2024-09-18 14:46:29.122,41.389590804508,12
2024-09-18 14:46:29.131,413.898043107923,8
2024-09-18 14:46:29.133,413.9004785933543,7
2024-09-18 14:46:29.182,413.8875516569937,9
2024-09-18 14:46:29.204,413.8675699780346,101
2024-09-18 14:46:29.243,-413.8871008951198,14
2024-09-18 14:46:29.263,413.906301019208,101
2024-09-18 14:46:29.283,413.8917697193753,10
2024-09-18 14:46:29.359,413.8767853775137,99
2024-09-18 14:46:29.398,413.8849990705397,103
2024-09-18 14:46:29.399,413.873636392594,1001
2024-09-18 14:46:29.519,413.87926186388114,10
2024-09-18 14:46:29.527,413.88267543514456,1002
2024-09-18 14:46:29.533,413.8873144032273,14
2024-09-18 14:46:29.541,413.8634137300246,10
2024-09-18 14:46:29.547,413.8774081868637,995
2024-09-18 14:46:29.550,413.9076799734805,6
2024-09-18 14:46:29.619,413.8835799938063,1000
2024-09-18 14:46:29.726,413.8752425810444,13
2024-09-18 14:46:29.848,413.8754401320948,102
2024-09-18 14:46:29.886,413.9023073567095,1005
2024-09-18 14:46:29.909,413.8975349300507,98
2024-09-18 14:46:29.917,413.8976320935893,95
2024-09-18 14:46:29.921,413.87148538830667,105
2024-09-18 14:46:29.926,413.8766334551461,96
2024-09-18 14:46:29.947,413.87593851939897,998
2024-09-18 14:46:30.054,413.9101236304422,1005
2024-09-18 14:46:30.070,407.6285898012875,102
2024-09-18 14:46:30.297,413.9163753477788,102
2024-09-18 14:46:30.354,413.92141616859664,1002
2024-09-18 14:46:30.435,413.9128300000244,103
2024-09-18 14:46:30.594,413.9061442264092,101
2024-09-18 14:46:30.823,413.930545295607,97
2024-09-18 14:46:31.028,413.9013358186283,13
2024-09-18 14:46:31.156,413.9462465705624,1003
2024-09-18 14:46:31.167,413.9405994460982,1005
2024-09-18 14:46:31.214,413.9258558601192,103
2024-09-18 14:46:31.269,413.9245726388458,101
2024-09-18 14:46:31.271,413.9313024795822,101
2024-09-18 14:46:31.328,413.92350606045807,7
2024-09-18 14:46:31.409,413.9186493473179,1004
2024-09-18 14:46:31.532,413.94319195164695,98
2024-09-18 14:46:31.572,413.94372820889714,998
2024-09-18 14:46:31.614,413.9184613781808,100
2024-09-18 14:46:31.791,413.9586513804508,96
2024-09-18 14:46:31.798,413.9501150003652,6
2024-09-18 14:46:32.055,414.0442699152592,96
2024-09-18 14:46:32.075,413.9695786735486,105
2024-09-18 14:46:32.162,413.8959782403049,15
2024-09-18 14:46:32.365,414.0367135205252,999
2024-09-18 14:46:32.386,413.9808938760964,1003
2024-09-18 14:46:32.480,414.0553857218343,97
2024-09-18 14:46:32.505,413.9957549486741,14
2024-09-18 14:46:32.620,413.93172086397897,1004
2024-09-18 14:46:32.742,413.89175843511225,997
2024-09-18 14:46:32.758,413.899178345379,12
2024-09-18 14:46:32.797,413.9523625317214,998
2024-09-18 14:46:32.820,414.0347736699176,105
2024-09-18 14:46:32.832,414.023688648292,6
2024-09-18 14:46:32.849,413.8825471971216,6
2024-09-18 14:46:32.849,413.91733630789065,100
2024-09-18 14:46:32.866,413.9961869363855,5
2024-09-18 14:46:32.930,414.0297550427568,97
2024-09-18 14:46:32.988,414.0210404126733,997
2024-09-18 14:46:33.275,414.022796158078,102
2024-09-18 14:46:33.713,413.9866751738798,105
2024-09-18 14:46:33.742,414.0000998996993,8
2024-09-18 14:46:33.746,414.0296152757985,998
2024-09-18 14:46:33.775,413.9825701239165,104
2024-09-18 14:46:33.981,414.01357259026105,15
2024-09-18 14:46:34.070,414.07905550550106,96
2024-09-18 14:46:34.121,414.0833482489285,995
2024-09-18 14:46:34.130,414.051193294206,11
2024-09-18 14:46:34.130,414.0856242762622,98
2024-09-18 14:46:34.255,414.0826514901519,1004
2024-09-18 14:46:34.262,414.0718949074789,103
2024-09-18 14:46:34.285,414.101773985632,13
2024-09-18 14:46:34.288,414.06568627021176,997
2024-09-18 14:46:34.363,414.0708634399625,11
2024-09-18 14:46:34.363,414.06462642072825,12
2024-09-18 14:46:34.412,413.99432326816446,14
2024-09-18 14:46:34.465,414.08257118018696,9
2024-09-18 14:46:34.467,414.0716372674707,1000
2024-09-18 14:46:34.473,414.1030230478389,995
2024-09-18 14:46:34.534,414.08456933856064,104
2024-09-18 14:46:34.601,414.07937725569457,98
2024-09-18 14:46:34.650,414.0752348425255,13
2024-09-18 14:46:34.702,414.0970208889804,98
2024-09-18 14:46:34.752,414.08933146349455,8
2024-09-18 14:46:34.768,414.07616624860447,104
2024-09-18 14:46:34.793,414.05776194572,96
2024-09-18 14:46:34.796,414.0818672606384,102
2024-09-18 14:46:34.814,414.01968199866457,998
2024-09-18 14:46:34.830,414.0871155386786,1005
2024-09-18 14:46:34.979,414.0570425470208,9
2024-09-18 14:46:35.009,414.1012722227687,12
2024-09-18 14:46:35.022,414.1656437571651,1005
2024-09-18 14:46:35.059,414.0871153906617,1002
2024-09-18 14:46:35.095,-414.09524707675456,105
2024-09-18 14:46:35.118,414.1484191284734,7
2024-09-18 14:46:35.148,414.0727543206208,103
2024-09-18 14:46:35.237,414.1226717273166,97
2024-09-18 14:46:35.313,414.111178532926,10
2024-09-18 14:46:35.348,414.0851042093514,7
2024-09-18 14:46:35.468,414.1478283134048,995
2024-09-18 14:46:35.539,414.0912394064949,105
2024-09-18 14:46:35.634,414.1624343265455,8
2024-09-18 14:46:35.848,414.1588858606936,995
2024-09-18 14:46:36.021,414.0756985682914,104
2024-09-18 14:46:36.050,414.1369657699645,1004
2024-09-18 14:46:36.136,414.1006129372344,96
2024-09-18 14:46:36.157,414.1379480418611,1004
2024-09-18 14:46:36.221,414.1400312788104,5
2024-09-18 14:46:36.358,414.15404599388046,103
2024-09-18 14:46:36.402,414.0727917708054,102
2024-09-18 14:46:36.423,414.07862556881946,104
2024-09-18 14:46:36.455,414.1145593868176,995
2024-09-18 14:46:36.459,414.1090652746123,999
2024-09-18 14:46:36.476,414.155718539625,999
2024-09-18 14:46:36.491,414.10016208061006,998
2024-09-18 14:46:36.615,414.1227683984316,5
2024-09-18 14:46:36.634,414.10450078077054,12
2024-09-18 14:46:36.693,414.14100704140566,104
2024-09-18 14:46:36.774,414.1605691782436,95
2024-09-18 14:46:36.819,414.0474283743835,102
2024-09-18 14:46:36.854,414.0918534136456,999
2024-09-18 14:46:36.861,414.1416842208179,98
2024-09-18 14:46:36.902,414.07774478354105,101
2024-09-18 14:46:37.084,414.0038692130901,12
2024-09-18 14:46:37.240,414.0072385601719,5
2024-09-18 14:46:37.347,414.0135101612888,12
2024-09-18 14:46:37.351,414.0234690501841,99
2024-09-18 14:46:37.423,414.0319976931986,7
2024-09-18 14:46:37.533,414.033159834865,1000
2024-09-18 14:46:37.571,414.0201265440167,8
2024-09-18 14:46:37.586,414.0223347492448,98
2024-09-18 14:46:37.617,414.0207303228772,995
2024-09-18 14:46:37.827,413.9989505529246,6
2024-09-18 14:46:37.853,414.0118900064519,8
2024-09-18 14:46:37.861,414.01655262944496,98
2024-09-18 14:46:38.050,414.0552716861986,1004
2024-09-18 14:46:38.114,414.0236358625857,10
2024-09-18 14:46:38.118,414.0402415016328,5
2024-09-18 14:46:38.133,414.0398430749533,99
2024-09-18 14:46:38.143,,5
2024-09-18 14:46:38.305,414.0785886951297,5
2024-09-18 14:46:38.375,414.05236281019137,999
2024-09-18 14:46:38.433,414.0714703920021,1004
2024-09-18 14:46:38.552,414.0314517609581,103
2024-09-18 14:46:38.603,414.06200806314513,1004
2024-09-18 14:46:38.633,414.066751089454,100
2024-09-18 14:46:38.725,414.0360990056665,103
2024-09-18 14:46:38.750,414.0373439541633,11
2024-09-18 14:46:38.802,414.05359819181433,10
2024-09-18 14:46:38.845,414.0659783784142,103
2024-09-18 14:46:38.983,414.03964942002216,998
2024-09-18 14:46:38.983,414.04116381167785,12
2024-09-18 14:46:39.025,414.0760679860375,99
2024-09-18 14:46:39.065,414.0680666597977,6
2024-09-18 14:46:39.123,414.02614257588345,1001
2024-09-18 14:46:39.409,414.06375522442806,9
2024-09-18 14:46:39.491,414.0536072736984,96
2024-09-18 14:46:39.515,414.0328366647872,8
2024-09-18 14:46:39.645,414.06414792683546,102
2024-09-18 14:46:39.928,414.0720883672381,5
2024-09-18 14:46:39.942,414.0271238879074,1005
2024-09-18 14:46:40.409,414.0497615613251,101
2024-09-18 14:46:40.549,414.02226556565984,5
2024-09-18 14:46:41.085,414.0698010028689,1004
2024-09-18 14:46:41.563,414.0671172098004,105
2024-09-18 14:46:41.691,414.07321374071614,96
2024-09-18 14:46:41.739,414.06692966056215,99
2024-09-18 14:46:41.752,414.0529447081206,105
2024-09-18 14:46:42.011,414.048211376372,12
2024-09-18 14:46:42.023,414.0071788972451,12
2024-09-18 14:46:42.084,413.96525243220754,103
2024-09-18 14:46:42.093,413.9772193975015,997
2024-09-18 14:46:42.112,414.0009958051506,1005
2024-09-18 14:46:42.133,414.02200767567984,995
2024-09-18 14:46:42.138,414.0651827174245,96
2024-09-18 14:46:42.142,414.0284385198293,7
2024-09-18 14:46:42.207,413.9842960378976,101
2024-09-18 14:46:42.214,413.9735987687856,1000
2024-09-18 14:46:42.269,414.0348018735175,1004
2024-09-18 14:46:42.272,414.0266932548536,1000
2024-09-18 14:46:42.278,414.0360448451677,13
2024-09-18 14:46:42.356,413.9999255204528,998
2024-09-18 14:46:42.434,414.0450701855609,6
2024-09-18 14:46:42.442,414.03393837542416,998
2024-09-18 14:46:42.517,414.0350396584099,99
2024-09-18 14:46:42.541,414.056733281582,1002
2024-09-18 14:46:42.574,414.0308269025771,997
2024-09-18 14:46:42.576,413.9807243917182,1000
2024-09-18 14:46:42.630,413.9936289663792,101
2024-09-18 14:46:42.707,414.0167088381542,1002
2024-09-18 14:46:42.730,414.0457133244244,9
2024-09-18 14:46:42.737,413.9970046650852,13
2024-09-18 14:46:42.754,413.9897196820678,1000
2024-09-18 14:46:42.927,413.9624012409757,99
2024-09-18 14:46:42.968,413.9755627173225,104
2024-09-18 14:46:42.991,413.9899110837882,1002
2024-09-18 14:46:43.011,407.7190861463285,10
2024-09-18 14:46:43.052,413.9543329771318,999
2024-09-18 14:46:43.170,413.9066233539165,1004
2024-09-18 14:46:43.179,413.973640825742,7
2024-09-18 14:46:43.235,413.9492924411194,103
2024-09-18 14:46:43.245,413.9662720208123,102
2024-09-18 14:46:43.355,413.9048522290212,100
2024-09-18 14:46:43.358,413.9264907547492,103
2024-09-18 14:46:43.473,413.93266061049246,11
2024-09-18 14:46:43.475,413.9339213039936,5
2024-09-18 14:46:43.479,413.9299448094061,998
2024-09-18 14:46:43.592,413.9748360545375,1002
2024-09-18 14:46:43.626,413.96537532049626,1004
2024-09-18 14:46:43.627,413.964152008293,1003
2024-09-18 14:46:43.699,413.91644805471,96
2024-09-18 14:46:43.771,413.9250252264549,96
2024-09-18 14:46:43.801,413.90520935269126,98
2024-09-18 14:46:43.880,413.9554886200452,96
2024-09-18 14:46:43.948,413.96329265920593,1003
2024-09-18 14:46:43.955,413.94765070709127,97
2024-09-18 14:46:43.969,413.95611800212953,5
2024-09-18 14:46:43.971,413.9563200511093,99
2024-09-18 14:46:44.009,,103
2024-09-18 14:46:44.065,413.9055790625613,13
2024-09-18 14:46:44.128,413.8986673001683,997
2024-09-18 14:46:44.148,413.8983226546924,995
2024-09-18 14:46:44.238,413.8727155608473,10
2024-09-18 14:46:44.245,413.8960987512007,100
2024-09-18 14:46:44.264,413.8734397396128,998
2024-09-18 14:46:44.265,413.8835840571953,99
2024-09-18 14:46:44.293,413.88074858032127,995
2024-09-18 14:46:44.297,413.8848830581912,101
2024-09-18 14:46:44.311,413.9109979250154,15
2024-09-18 14:46:44.463,413.86002438961873,995
2024-09-18 14:46:44.488,413.9065591313511,103
2024-09-18 14:46:44.550,413.8780914176854,1004
2024-09-18 14:46:44.576,413.8634797173254,1001
2024-09-18 14:46:44.598,,999
2024-09-18 14:46:44.660,413.9025712157517,96
2024-09-18 14:46:44.685,413.87347719485314,1001
2024-09-18 14:46:44.727,413.898176901846,103
2024-09-18 14:46:44.795,413.9044744768859,1004
2024-09-18 14:46:44.899,413.8746953097085,97
2024-09-18 14:46:44.958,413.8746086417884,997
2024-09-18 14:46:45.085,413.8705401150704,9
2024-09-18 14:46:45.087,413.8688248522322,95
2024-09-18 14:46:45.103,413.8745429363778,999
2024-09-18 14:46:45.105,413.8609258272953,7
2024-09-18 14:46:45.136,413.8753532791525,1001
2024-09-18 14:46:45.140,413.87110082311807,6
2024-09-18 14:46:45.151,413.87552943456086,96
2024-09-18 14:46:45.177,413.87228523387824,1002
2024-09-18 14:46:45.211,413.87817013893385,96
2024-09-18 14:46:45.362,413.8811584758541,100
2024-09-18 14:46:45.397,413.8732060991029,1001
2024-09-18 14:46:45.449,413.8614907126928,96
2024-09-18 14:46:45.453,413.8661219853839,11
2024-09-18 14:46:45.511,413.8727727564698,999
2024-09-18 14:46:45.540,413.8579547496482,12
2024-09-18 14:46:45.604,413.8599906641728,104
2024-09-18 14:46:45.619,413.8908182103647,95
2024-09-18 14:46:45.646,413.8838584337699,999
2024-09-18 14:46:45.700,413.875629360974,5
2024-09-18 14:46:45.863,413.9033332684912,97
2024-09-18 14:46:45.892,413.8457011364227,15
2024-09-18 14:46:46.042,413.9429374938224,96
2024-09-18 14:46:46.104,413.9372441712714,96
2024-09-18 14:46:46.125,413.9578318301521,103
2024-09-18 14:46:46.175,413.95432622560367,997
2024-09-18 14:46:46.224,413.952032919525,97
2024-09-18 14:46:46.503,413.9349020115392,14
2024-09-18 14:46:46.931,413.9196154115656,15
2024-09-18 14:46:46.985,413.9584015946032,13
2024-09-18 14:46:47.190,413.9287804707503,10
2024-09-18 14:46:47.209,413.9216568196253,998
2024-09-18 14:46:47.211,413.9151533956269,8
2024-09-18 14:46:47.346,41.39061252486904,995
2024-09-18 14:46:47.407,413.9037761399032,96
2024-09-18 14:46:47.662,413.9287589165075,1003
2024-09-18 14:46:47.670,413.91764462470667,1002
2024-09-18 14:46:47.710,413.91321639538114,9
2024-09-18 14:46:47.720,-413.9149489990487,1003
2024-09-18 14:46:47.803,413.93709852196525,1004
2024-09-18 14:46:47.936,413.9302108251297,1004
2024-09-18 14:46:47.975,413.910986119969,8
2024-09-18 14:46:47.988,413.9155761025136,10
2024-09-18 14:46:48.009,413.85802842242526,999
2024-09-18 14:46:48.026,413.8614244839195,98
2024-09-18 14:46:48.073,,6
2024-09-18 14:46:48.101,413.8671236983002,10
2024-09-18 14:46:48.163,413.8759858486284,100
2024-09-18 14:46:48.183,413.8900509920624,9
2024-09-18 14:46:48.236,413.8573815696431,103
2024-09-18 14:46:48.264,413.8613539422937,1004
2024-09-18 14:46:48.316,413.8911780895592,10
2024-09-18 14:46:48.330,413.8658458424884,95
2024-09-18 14:46:48.331,413.8985447862085,1001
2024-09-18 14:46:48.575,413.893234173439,98
2024-09-18 14:46:48.644,413.8982874434281,11
2024-09-18 14:46:48.771,413.8585029405386,97
2024-09-18 14:46:48.837,413.8975722346631,96
2024-09-18 14:46:48.911,413.8876699337268,995
2024-09-18 14:46:48.933,413.877256638255,101
2024-09-18 14:46:48.935,413.84156267035314,102
2024-09-18 14:46:48.949,413.86737062258334,12
2024-09-18 14:46:48.961,413.9030155172401,95
2024-09-18 14:46:49.019,413.8565051248652,98
2024-09-18 14:46:49.023,413.9027334284898,11
2024-09-18 14:46:49.094,413.8741718811878,102
2024-09-18 14:46:49.095,413.8900836243375,1003
2024-09-18 14:46:49.123,413.8664351975533,995
2024-09-18 14:46:49.140,413.8541265402061,97
2024-09-18 14:46:49.142,413.871920197697,999
2024-09-18 14:46:49.147,413.8640620384884,13
2024-09-18 14:46:49.160,413.8814369637831,995
2024-09-18 14:46:49.219,413.8827255774273,100
2024-09-18 14:46:49.234,413.8524048913833,1001
2024-09-18 14:46:49.250,413.8736613297213,95
2024-09-18 14:46:49.279,413.864584132172,1002
2024-09-18 14:46:49.388,413.853012037933,15
2024-09-18 14:46:49.425,413.86229575402285,7
2024-09-18 14:46:49.492,413.8536547877832,1001
2024-09-18 14:46:49.502,413.8773795356809,6
2024-09-18 14:46:49.537,413.8825128212032,98
2024-09-18 14:46:49.642,413.8860946170281,1000
2024-09-18 14:46:49.644,413.8982829612447,15
2024-09-18 14:46:49.661,413.8718423454417,11
2024-09-18 14:46:49.679,413.8796180769826,10
2024-09-18 14:46:49.688,413.8829370923616,1003
2024-09-18 14:46:49.692,413.85270328915385,13
2024-09-18 14:46:49.721,413.847870649442,995
2024-09-18 14:46:49.768,413.88048945854325,103
2024-09-18 14:46:49.811,413.87162725815375,105
2024-09-18 14:46:49.886,413.8964562174838,1001
2024-09-18 14:46:49.956,413.8947105034638,1003
2024-09-18 14:46:49.969,413.8587259033799,10
2024-09-18 14:46:50.022,413.8734497364101,102
2024-09-18 14:46:50.044,413.8302723243264,1001
2024-09-18 14:46:50.061,413.8146745693184,99
2024-09-18 14:46:50.108,413.87206354442577,1004
2024-09-18 14:46:50.112,413.80080147739,999
2024-09-18 14:46:50.127,413.8856652751373,102
2024-09-18 14:46:50.267,413.89194091448735,12
2024-09-18 14:46:50.374,413.8238155155731,11
2024-09-18 14:46:50.401,413.8050095114308,1000
2024-09-18 14:46:50.401,413.8561348381507,997
2024-09-18 14:46:50.406,413.84226851540046,100
2024-09-18 14:46:50.503,413.8228065757812,1005
2024-09-18 14:46:50.527,413.89350641275473,96
2024-09-18 14:46:50.539,413.8188394582088,101
2024-09-18 14:46:50.665,413.8313812617206,9
2024-09-18 14:46:50.687,413.8940516394474,997
2024-09-18 14:46:50.710,41.39010944034087,1001
2024-09-18 14:46:50.759,413.8559178470051,13
2024-09-18 14:46:50.803,413.8809635187292,11
2024-09-18 14:46:50.833,413.8839583812517,14
2024-09-18 14:46:51.011,413.743276122765,6
2024-09-18 14:46:51.012,413.7598517729237,1000
2024-09-18 14:46:51.018,413.7518152828529,1002
2024-09-18 14:46:51.037,413.7483007280866,999
2024-09-18 14:46:51.039,413.7409093508703,99
2024-09-18 14:46:51.128,413.7676874658285,998
2024-09-18 14:46:51.165,413.7517275859986,1005
2024-09-18 14:46:51.180,413.79819598563694,5
2024-09-18 14:46:51.247,413.7611044477643,104
2024-09-18 14:46:51.322,413.77951285829295,10
2024-09-18 14:46:51.355,413.7925214046178,5
2024-09-18 14:46:51.359,413.7665223323787,996
2024-09-18 14:46:51.389,413.7599081999576,999
2024-09-18 14:46:51.494,413.76258722143166,101
2024-09-18 14:46:51.612,413.7570662362997,1005
2024-09-18 14:46:51.616,413.8157064755986,997
2024-09-18 14:46:51.638,413.79798720207737,6
2024-09-18 14:46:51.667,413.76400150930857,7
2024-09-18 14:46:51.669,413.72811914023487,95
2024-09-18 14:46:51.684,41.37470475439912,9
2024-09-18 14:46:51.814,413.8008742305898,104
2024-09-18 14:46:51.819,413.7598429358046,9
2024-09-18 14:46:51.861,413.7529339965972,995
2024-09-18 14:46:52.006,413.6920658066812,1001
2024-09-18 14:46:52.024,413.74642402900247,996
2024-09-18 14:46:52.159,413.6811122570406,11
2024-09-18 14:46:52.483,413.6825045375068,1001
2024-09-18 14:46:52.629,413.71877559306375,103
2024-09-18 14:46:52.709,413.7315828393197,98
2024-09-18 14:46:52.749,413.6972341005044,1000
2024-09-18 14:46:53.699,407.7227072887512,14
2024-09-18 14:46:54.720,413.6966727457838,9
2024-09-18 14:46:54.732,413.6779235078096,998
2024-09-18 14:46:55.036,413.6304473196892,999
2024-09-18 14:46:55.064,413.6520205825794,997
2024-09-18 14:46:55.096,413.6414453291324,15
2024-09-18 14:46:55.121,413.6375271142622,8
2024-09-18 14:46:55.150,413.6687017546495,105
2024-09-18 14:46:55.159,413.6380729134564,104
2024-09-18 14:46:55.159,413.62156556427647,996
2024-09-18 14:46:55.183,413.5491033865854,1005
2024-09-18 14:46:55.231,413.661886670596,995
2024-09-18 14:46:55.234,413.6566027809684,1003
2024-09-18 14:46:55.250,413.614463682671,5
2024-09-18 14:46:55.292,413.65206248764406,105
2024-09-18 14:46:55.431,413.5902356852251,12
2024-09-18 14:46:55.501,413.6551531588733,1003
2024-09-18 14:46:55.502,413.6236084947808,1002
2024-09-18 14:46:55.543,413.6251107338297,1000
2024-09-18 14:46:55.630,413.6392490876044,105
2024-09-18 14:46:55.633,413.64385441672886,1005
2024-09-18 14:46:55.673,413.6293097726246,105
2024-09-18 14:46:55.682,413.62411174522384,7
2024-09-18 14:46:55.705,413.6395394028882,1001
2024-09-18 14:46:55.747,413.6409110812772,1005
2024-09-18 14:46:55.757,413.6368685127926,998
2024-09-18 14:46:55.777,413.637414084864,998
2024-09-18 14:46:55.824,,8
2024-09-18 14:46:55.906,413.5585481166866,95
2024-09-18 14:46:55.941,413.6224964408582,1000
2024-09-18 14:46:55.951,413.6250598819628,95
2024-09-18 14:46:56.010,41.35485780214166,100
2024-09-18 14:46:56.015,413.56031222673033,100
2024-09-18 14:46:56.022,413.5598337819921,999
2024-09-18 14:46:56.055,413.5645933248746,9
2024-09-18 14:46:56.106,413.5291446311746,5
2024-09-18 14:46:56.173,413.5807104802802,1001
2024-09-18 14:46:56.217,413.58890571205575,998
2024-09-18 14:46:56.261,413.5862759127382,13
2024-09-18 14:46:56.292,413.5280083529245,11
2024-09-18 14:46:56.310,413.56329895520514,95
2024-09-18 14:46:56.326,413.53760296923895,97
2024-09-18 14:46:56.384,413.5452402765151,96
2024-09-18 14:46:56.442,413.5428315869914,96
2024-09-18 14:46:56.498,413.5504826032581,11
2024-09-18 14:46:56.510,413.5639251171143,98
2024-09-18 14:46:56.527,413.56340546532624,101
2024-09-18 14:46:56.676,413.5536719938261,10
2024-09-18 14:46:56.728,413.6170003024252,10
2024-09-18 14:46:56.811,413.5687669736545,96
2024-09-18 14:46:56.908,413.5317161779479,997
2024-09-18 14:46:56.950,413.5827153098649,12
2024-09-18 14:46:57.186,413.6535501645576,998
2024-09-18 14:46:57.249,413.6036842490767,103
2024-09-18 14:46:57.556,413.6315733091484,97
2024-09-18 14:46:57.608,413.617803013111,15
2024-09-18 14:46:57.887,413.6375563817022,9
2024-09-18 14:46:58.268,407.6292544329133,102
2024-09-18 14:46:58.304,407.640385195298,102
2024-09-18 14:46:59.043,413.70312080189257,100
2024-09-18 14:46:59.115,413.7132683036465,1002
2024-09-18 14:46:59.255,413.7209979694395,14
2024-09-18 14:46:59.272,413.6510626839904,102
2024-09-18 14:46:59.290,413.72563445320617,1001
2024-09-18 14:46:59.417,413.6509924223776,1003
2024-09-18 14:46:59.543,413.6822243623887,5
2024-09-18 14:46:59.558,413.70818163222606,10
2024-09-18 14:46:59.588,413.7247632382725,15
2024-09-18 14:46:59.756,413.70640370130553,15
2024-09-18 14:46:59.776,413.6787245124189,9
2024-09-18 14:46:59.779,413.6863943888218,9
2024-09-18 14:46:59.780,413.6447432623282,11
2024-09-18 14:46:59.864,413.72045751794246,9
2024-09-18 14:46:59.872,413.6330935311748,995
2024-09-18 14:46:59.922,413.72656451891913,1004
2024-09-18 14:46:59.944,413.7166132254204,98
