Timestamp,Price,Size
2024-09-18 11:39:00.279,416.4562895137158,1001
2024-09-18 11:39:00.396,416.47001015007385,8
2024-09-18 11:39:00.563,416.45293315857054,14
2024-09-18 11:39:00.583,416.4390780453726,99
2024-09-18 11:39:00.819,416.4376488595773,1003
2024-09-18 11:39:00.983,416.4699225847195,95
2024-09-18 11:39:02.009,416.4685581819126,104
2024-09-18 11:39:02.032,416.4622727920727,5
2024-09-18 11:39:02.085,416.4803592437574,1001
2024-09-18 11:39:02.102,,9
2024-09-18 11:39:02.142,416.49201364810193,96
2024-09-18 11:39:02.153,41.64708810652424,102
2024-09-18 11:39:02.160,416.4641462566465,11
2024-09-18 11:39:02.234,416.4707266293294,8
2024-09-18 11:39:02.274,416.495477503144,1002
2024-09-18 11:39:02.298,416.4782543282644,1005
2024-09-18 11:39:02.374,416.4662059184765,5
2024-09-18 11:39:02.385,416.4746226988811,100
2024-09-18 11:39:02.415,416.48940038277016,101
2024-09-18 11:39:02.478,416.47611666764783,98
2024-09-18 11:39:02.481,416.48309656190594,11
2024-09-18 11:39:02.483,416.49056651075546,15
2024-09-18 11:39:02.486,416.4682223907462,11
2024-09-18 11:39:02.522,416.4999911666737,996
2024-09-18 11:39:02.667,416.5070305078228,96
2024-09-18 11:39:02.670,416.48251124254097,10
2024-09-18 11:39:02.724,416.4774609887804,9
2024-09-18 11:39:02.744,416.46495585805496,102
2024-09-18 11:39:02.784,416.4932817122955,101
2024-09-18 11:39:02.840,416.4871664469084,97
2024-09-18 11:39:02.880,416.4906369946121,105
2024-09-18 11:39:02.902,416.4773054796389,15
2024-09-18 11:39:02.931,416.4839121673301,13
2024-09-18 11:39:02.939,416.4970996050315,96
2024-09-18 11:39:02.996,416.47249262040697,95
2024-09-18 11:39:03.006,416.4856589814573,99
2024-09-18 11:39:03.024,416.5591828146696,1003
2024-09-18 11:39:03.071,416.51446821009216,1002
2024-09-18 11:39:03.076,416.4859682107469,100
2024-09-18 11:39:03.337,416.4903768980796,9
2024-09-18 11:39:03.426,416.4956272319232,98
2024-09-18 11:39:03.477,416.55181185579767,1001
2024-09-18 11:39:03.484,416.50397488215344,99
2024-09-18 11:39:03.492,416.495726260536,1004
2024-09-18 11:39:03.613,416.48080227263927,103
2024-09-18 11:39:03.692,416.4806505671973,1001
2024-09-18 11:39:03.709,416.50349691807673,6
2024-09-18 11:39:03.723,416.4916383033463,11
2024-09-18 11:39:03.846,416.4776385300906,1005
2024-09-18 11:39:03.951,416.4936443469464,1003
2024-09-18 11:39:04.082,416.5660228802319,15
2024-09-18 11:39:04.297,416.5661562512404,1004
2024-09-18 11:39:04.379,416.5502108943714,97
2024-09-18 11:39:04.640,416.5678290949776,1000
2024-09-18 11:39:04.876,416.5446837688354,104
2024-09-18 11:39:04.879,416.54174091681466,12
2024-09-18 11:39:05.133,416.4816333591382,103
2024-09-18 11:39:05.162,416.474526379476,13
2024-09-18 11:39:05.162,416.5083407270455,99
2024-09-18 11:39:05.178,416.513070207462,1004
2024-09-18 11:39:05.243,416.5348001457044,96
2024-09-18 11:39:05.268,416.55932672202687,98
2024-09-18 11:39:05.284,416.53796259056,14
2024-09-18 11:39:05.342,416.5462031674281,103
2024-09-18 11:39:05.350,416.4683317185963,97
2024-09-18 11:39:05.407,416.4967109375944,96
2024-09-18 11:39:05.455,416.4781686541672,1005
2024-09-18 11:39:05.497,416.5438899309096,101
2024-09-18 11:39:05.500,416.4847005652958,1001
2024-09-18 11:39:05.507,416.54656748002736,105
2024-09-18 11:39:05.513,416.4766537124009,100
2024-09-18 11:39:05.532,416.55559671638673,1002
2024-09-18 11:39:05.561,416.4825078957052,98
2024-09-18 11:39:05.577,416.4779817865026,96
2024-09-18 11:39:05.605,416.5288070243235,95
2024-09-18 11:39:05.640,416.51170109122233,98
2024-09-18 11:39:05.670,416.53727930182174,99
2024-09-18 11:39:05.678,416.5357600658572,6
2024-09-18 11:39:05.748,416.5403501571371,15
2024-09-18 11:39:05.777,416.5327827943047,7
2024-09-18 11:39:05.835,416.5449328286484,96
2024-09-18 11:39:05.926,416.5558434177602,1001
2024-09-18 11:39:05.930,416.46988141559575,12
2024-09-18 11:39:05.962,416.478554527867,98
2024-09-18 11:39:05.984,416.4888749797423,97
2024-09-18 11:39:06.518,,997
2024-09-18 11:39:07.030,416.407969779527,99
2024-09-18 11:39:07.033,416.46412064310897,1003
2024-09-18 11:39:07.150,416.4604955483738,1002
2024-09-18 11:39:07.154,416.4579478860049,98
2024-09-18 11:39:07.189,416.4173186816773,10
2024-09-18 11:39:07.297,416.4705522605544,995
2024-09-18 11:39:07.299,416.4413714195509,100
2024-09-18 11:39:07.313,416.4082426366731,9
2024-09-18 11:39:07.336,416.4562706764394,13
2024-09-18 11:39:07.397,416.44568880706953,99
2024-09-18 11:39:07.674,416.4108928318273,1004
2024-09-18 11:39:08.026,416.40670527898646,97
2024-09-18 11:39:08.271,416.46975106862055,7
2024-09-18 11:39:08.344,416.4620662271564,1004
2024-09-18 11:39:08.356,416.4675499106661,1001
2024-09-18 11:39:08.367,416.4512069023465,96
2024-09-18 11:39:08.377,416.41955509605634,100
2024-09-18 11:39:08.505,416.4758974373463,1003
2024-09-18 11:39:08.587,416.4653613128263,11
2024-09-18 11:39:08.795,416.4821294847526,997
2024-09-18 11:39:08.954,416.4288994088012,995
2024-09-18 11:39:09.006,416.5017227751217,11
2024-09-18 11:39:09.043,416.48427132795854,97
2024-09-18 11:39:09.113,416.49577152581406,10
2024-09-18 11:39:09.739,,997
2024-09-18 11:39:09.768,416.48046953233694,102
2024-09-18 11:39:09.834,416.5003730372908,8
2024-09-18 11:39:09.956,416.5046461249813,1003
2024-09-18 11:39:11.014,416.4650309150318,1002
2024-09-18 11:39:11.021,416.46368505564135,12
2024-09-18 11:39:11.103,416.448331209281,13
2024-09-18 11:39:11.106,416.44371243436535,101
2024-09-18 11:39:11.286,416.5045311857973,97
2024-09-18 11:39:11.287,416.4569164098123,1000
2024-09-18 11:39:11.368,416.43758898368594,8
2024-09-18 11:39:11.392,416.438277853669,104
2024-09-18 11:39:11.394,41.64587721304187,12
2024-09-18 11:39:11.397,416.46023099695776,1001
2024-09-18 11:39:11.426,416.4436189848096,15
2024-09-18 11:39:11.470,416.458692532065,1005
2024-09-18 11:39:11.581,416.4578256143309,100
2024-09-18 11:39:11.588,416.495210967523,7
2024-09-18 11:39:11.643,416.49749818583945,102
2024-09-18 11:39:11.747,416.4528158589517,103
2024-09-18 11:39:11.749,416.4753614157103,1000
2024-09-18 11:39:11.775,416.4622568115525,95
2024-09-18 11:39:11.826,416.467564070867,105
2024-09-18 11:39:11.834,416.4862887844595,101
2024-09-18 11:39:11.863,416.4214077333192,6
2024-09-18 11:39:11.868,416.4565815426699,104
2024-09-18 11:39:11.881,416.4722086288424,6
2024-09-18 11:39:11.928,416.4298791091669,9
2024-09-18 11:39:11.988,416.42657211496186,96
2024-09-18 11:39:12.417,416.4720881822959,96
2024-09-18 11:39:12.490,416.4815078300345,105
2024-09-18 11:39:13.121,416.4807806387195,15
2024-09-18 11:39:13.181,416.4736357638744,998
2024-09-18 11:39:13.184,416.4494563191544,105
2024-09-18 11:39:13.319,416.4448703254928,998
2024-09-18 11:39:13.358,416.4363851702362,999
2024-09-18 11:39:13.671,416.4483540526523,1000
2024-09-18 11:39:13.997,416.4311225896622,103
2024-09-18 11:39:14.008,416.5192888531397,1002
2024-09-18 11:39:14.095,416.4799233695521,1000
2024-09-18 11:39:14.125,416.5076274778745,12
2024-09-18 11:39:14.154,416.4924657078757,1003
2024-09-18 11:39:14.161,416.5128128032307,1000
2024-09-18 11:39:14.165,416.49281479853096,10
2024-09-18 11:39:14.204,416.5151582921364,1005
2024-09-18 11:39:14.235,-416.5164689208132,101
2024-09-18 11:39:14.266,416.5167311541763,1002
2024-09-18 11:39:14.299,416.4678844632421,996
2024-09-18 11:39:14.335,416.4814606187096,101
2024-09-18 11:39:14.484,416.475308132542,1004
2024-09-18 11:39:14.487,416.46418725416976,5
2024-09-18 11:39:14.494,416.46889399754747,105
2024-09-18 11:39:14.586,416.5406038741868,105
2024-09-18 11:39:14.598,416.4572001669216,96
2024-09-18 11:39:14.630,416.5290642308316,96
2024-09-18 11:39:14.659,416.5237647391895,999
2024-09-18 11:39:14.666,416.4928866997389,96
2024-09-18 11:39:14.688,416.5299789006058,10
2024-09-18 11:39:14.689,416.4868621338125,104
2024-09-18 11:39:14.713,416.5134142181575,1001
2024-09-18 11:39:14.738,416.5196990158561,1002
2024-09-18 11:39:14.809,416.4634355497704,7
2024-09-18 11:39:15.217,416.4898586752197,97
2024-09-18 11:39:15.386,416.5207438794875,5
2024-09-18 11:39:15.473,416.4986758181605,15
2024-09-18 11:39:15.480,416.51229849005495,12
2024-09-18 11:39:15.566,416.4906679548448,999
2024-09-18 11:39:15.664,416.5300016845962,8
2024-09-18 11:39:15.928,416.51234148017096,13
2024-09-18 11:39:16.003,416.5778448984755,100
2024-09-18 11:39:16.052,416.5188812419836,998
2024-09-18 11:39:16.072,416.56224253205113,8
2024-09-18 11:39:16.107,416.5655392069029,998
2024-09-18 11:39:16.166,416.5116695265103,95
2024-09-18 11:39:16.190,416.5435389476131,1003
2024-09-18 11:39:16.409,416.521692830169,997
2024-09-18 11:39:16.876,416.59306849058765,95
2024-09-18 11:39:16.882,416.5196124545637,97
2024-09-18 11:39:16.988,416.53547773346384,995
2024-09-18 11:39:17.035,416.45252642029,1002
2024-09-18 11:39:17.092,416.5604057794466,1005
2024-09-18 11:39:17.126,416.53461121537146,96
2024-09-18 11:39:17.183,416.458870621107,103
2024-09-18 11:39:17.184,416.48213267652415,9
2024-09-18 11:39:17.189,416.5696928073471,1002
2024-09-18 11:39:17.320,416.5614834804698,101
2024-09-18 11:39:17.342,416.46149146134576,1002
2024-09-18 11:39:17.370,416.56646057451394,997
2024-09-18 11:39:17.373,416.4707500728647,105
2024-09-18 11:39:17.444,416.54691075031127,7
2024-09-18 11:39:17.466,416.5697517527879,6
2024-09-18 11:39:17.480,416.4661259512973,997
2024-09-18 11:39:17.592,416.4571141447362,13
2024-09-18 11:39:17.673,416.5597243584183,997
2024-09-18 11:39:17.722,416.591222433793,995
2024-09-18 11:39:17.735,416.4640597789258,100
2024-09-18 11:39:17.736,416.553813694568,95
2024-09-18 11:39:17.760,416.5099256424795,1003
2024-09-18 11:39:17.774,416.4792251167436,1005
2024-09-18 11:39:17.805,416.5030007192248,998
2024-09-18 11:39:17.941,416.5660643381871,103
2024-09-18 11:39:17.946,416.4934634081055,15
2024-09-18 11:39:17.950,416.5598891968261,996
2024-09-18 11:39:17.951,416.5655777126669,103
2024-09-18 11:39:17.956,416.5602400873117,1005
2024-09-18 11:39:17.958,416.4522210198703,100
2024-09-18 11:39:17.979,416.55344256326055,100
2024-09-18 11:39:18.017,416.4697591544132,1002
2024-09-18 11:39:18.032,416.48863363555614,1003
2024-09-18 11:39:18.067,416.468671263997,13
2024-09-18 11:39:18.083,416.4677226084968,8
2024-09-18 11:39:18.135,416.4445647923434,101
2024-09-18 11:39:18.192,416.4552866702678,999
2024-09-18 11:39:18.213,416.45327732201946,9
2024-09-18 11:39:18.220,416.4557749816007,98
2024-09-18 11:39:18.251,416.4764069746352,11
2024-09-18 11:39:18.342,416.475394809854,9
2024-09-18 11:39:18.380,416.46934987616527,97
2024-09-18 11:39:18.440,416.47254711831664,1003
2024-09-18 11:39:18.474,416.4551016980193,104
2024-09-18 11:39:18.487,416.47830956812015,96
2024-09-18 11:39:18.499,416.4445412155407,999
2024-09-18 11:39:18.615,416.4853374672203,103
2024-09-18 11:39:18.654,416.47040509611554,996
2024-09-18 11:39:18.850,416.4625518360782,7
2024-09-18 11:39:18.898,416.473730138734,5
2024-09-18 11:39:18.999,416.4757347007245,104
2024-09-18 11:39:19.293,416.4433901460832,11
2024-09-18 11:39:19.626,416.4426110589535,14
2024-09-18 11:39:19.794,416.449382532964,99
2024-09-18 11:39:19.974,416.4552646702945,12
2024-09-18 11:39:20.177,416.4415355389294,103
2024-09-18 11:39:20.285,416.4413779921621,996
2024-09-18 11:39:20.327,416.44870301408616,14
2024-09-18 11:39:20.739,416.4173365485228,102
2024-09-18 11:39:20.852,416.4417356742241,999
2024-09-18 11:39:20.940,416.39572188886257,1004
2024-09-18 11:39:20.951,416.4462880508369,1000
2024-09-18 11:39:21.043,416.391535287008,15
2024-09-18 11:39:21.162,416.36547676289166,96
2024-09-18 11:39:21.208,416.3310994508983,99
2024-09-18 11:39:21.211,416.3412071648138,97
2024-09-18 11:39:21.243,416.3313002611828,103
2024-09-18 11:39:21.280,416.3269752924807,997
2024-09-18 11:39:21.295,416.39560066741245,997
2024-09-18 11:39:21.324,416.35261597624446,95
2024-09-18 11:39:21.335,416.3500342480297,5
2024-09-18 11:39:21.392,416.33949531535626,1004
2024-09-18 11:39:21.403,416.3522137098982,103
2024-09-18 11:39:21.419,416.3580066200021,13
2024-09-18 11:39:21.480,416.35877619626666,104
2024-09-18 11:39:21.554,416.3450844000395,98
2024-09-18 11:39:21.618,416.31069635752505,7
2024-09-18 11:39:21.681,416.38174126556976,102
2024-09-18 11:39:21.691,416.34043893876566,99
2024-09-18 11:39:21.709,416.31928199760864,8
2024-09-18 11:39:21.754,416.3508362241489,996
2024-09-18 11:39:21.796,41.63539697338162,12
2024-09-18 11:39:21.797,416.3459235410698,15
2024-09-18 11:39:21.832,416.3624340130695,1004
2024-09-18 11:39:21.958,416.3618349292415,103
2024-09-18 11:39:21.983,416.343607967118,95
2024-09-18 11:39:21.997,416.3755315206631,1001
2024-09-18 11:39:22.039,416.3854499378554,7
2024-09-18 11:39:22.067,416.3943560407006,6
2024-09-18 11:39:22.140,416.4106490034256,1001
2024-09-18 11:39:22.141,416.40564538118673,104
2024-09-18 11:39:22.160,416.3856172480296,998
2024-09-18 11:39:22.176,416.35593787593,105
2024-09-18 11:39:22.189,416.3498259364496,95
2024-09-18 11:39:22.196,416.33072929659016,99
2024-09-18 11:39:22.358,416.35949822948027,1003
2024-09-18 11:39:22.561,416.3813869556309,104
2024-09-18 11:39:22.587,416.3957287306212,98
2024-09-18 11:39:22.692,416.3335995453767,10
2024-09-18 11:39:22.774,416.3452898173392,10
2024-09-18 11:39:22.855,416.38830398475847,9
2024-09-18 11:39:22.882,416.3720615406988,995
2024-09-18 11:39:22.945,416.3528035914251,104
2024-09-18 11:39:22.970,416.3729897672809,10
2024-09-18 11:39:22.970,416.3787562484981,995
2024-09-18 11:39:22.987,416.39260951992975,1003
2024-09-18 11:39:23.291,416.4004521063941,104
2024-09-18 11:39:23.410,416.3921319851335,997
2024-09-18 11:39:23.434,416.4138003760558,98
2024-09-18 11:39:23.487,416.42973457122895,1005
2024-09-18 11:39:23.555,416.4219936196517,5
2024-09-18 11:39:23.656,416.3989401504125,95
2024-09-18 11:39:23.906,416.4088388039864,105
2024-09-18 11:39:23.909,416.4253173180561,104
2024-09-18 11:39:24.010,416.4542448455416,999
2024-09-18 11:39:24.095,416.4190282680202,97
2024-09-18 11:39:24.336,416.4431746202112,15
2024-09-18 11:39:24.388,416.4460483940328,11
2024-09-18 11:39:24.448,416.4306551884041,96
2024-09-18 11:39:24.528,416.4132018659166,15
2024-09-18 11:39:24.588,416.422523387585,9
2024-09-18 11:39:24.651,416.4598340567985,100
2024-09-18 11:39:24.767,416.4153300708711,97
2024-09-18 11:39:24.774,41.64170884459904,996
2024-09-18 11:39:24.805,416.4185650556215,96
2024-09-18 11:39:24.898,416.4046987361515,999
2024-09-18 11:39:24.940,416.4072170887156,14
2024-09-18 11:39:24.945,416.4439272049435,97
2024-09-18 11:39:24.970,416.40896560269215,101
2024-09-18 11:39:24.988,416.4108359037093,103
2024-09-18 11:39:25.044,416.4965759917314,11
2024-09-18 11:39:25.120,416.46356027502594,6
2024-09-18 11:39:25.251,416.4835062008185,101
2024-09-18 11:39:25.347,416.4578515440047,12
2024-09-18 11:39:26.001,416.507586424278,9
2024-09-18 11:39:26.029,416.4778591393245,1004
2024-09-18 11:39:26.039,416.5019020284747,101
2024-09-18 11:39:26.050,416.5017377698984,6
2024-09-18 11:39:26.061,416.4870606075693,96
2024-09-18 11:39:26.062,416.51063572125975,1003
2024-09-18 11:39:26.086,416.490468927358,6
2024-09-18 11:39:26.193,416.5003979223879,96
2024-09-18 11:39:26.212,416.49716919839386,7
2024-09-18 11:39:26.223,416.50388275337815,5
2024-09-18 11:39:26.263,416.480417268687,8
2024-09-18 11:39:26.284,416.5201427741685,10
2024-09-18 11:39:26.403,416.5146685259392,11
2024-09-18 11:39:26.404,416.5060403450285,105
2024-09-18 11:39:26.435,416.4782310988605,7
2024-09-18 11:39:26.851,416.47972856267904,96
2024-09-18 11:39:26.915,416.5019346707608,1000
2024-09-18 11:39:26.939,416.5103114068689,11
2024-09-18 11:39:27.026,416.48096823203167,99
2024-09-18 11:39:27.108,416.45216167795934,1000
2024-09-18 11:39:27.140,416.4762739329329,97
2024-09-18 11:39:27.177,416.4761301516093,96
2024-09-18 11:39:27.251,416.4718485769424,1002
2024-09-18 11:39:27.261,416.4902743798692,15
2024-09-18 11:39:27.272,416.4910734100646,1005
2024-09-18 11:39:27.275,416.473092559614,96
2024-09-18 11:39:27.278,416.470280500793,7
2024-09-18 11:39:27.284,416.4541596420115,1004
2024-09-18 11:39:27.395,416.4757185247917,995
2024-09-18 11:39:27.407,416.47057122307456,96
2024-09-18 11:39:27.610,416.4844624733666,95
2024-09-18 11:39:27.616,416.4874683220445,103
2024-09-18 11:39:27.660,416.4653221266387,104
2024-09-18 11:39:27.688,416.47445599144174,13
2024-09-18 11:39:27.804,416.47724844112,12
2024-09-18 11:39:27.866,416.5061248775198,95
2024-09-18 11:39:28.840,416.46318143466215,1001
2024-09-18 11:39:29.042,416.47897530556673,1001
2024-09-18 11:39:29.050,416.4465016300853,12
2024-09-18 11:39:29.065,416.4538912548607,10
2024-09-18 11:39:29.069,416.4369901327788,13
2024-09-18 11:39:29.207,416.4228169869432,1003
2024-09-18 11:39:29.266,-416.4285050746755,1000
2024-09-18 11:39:29.313,416.4348683617763,1004
2024-09-18 11:39:29.319,416.45541647479314,100
2024-09-18 11:39:29.435,416.4641593465472,105
2024-09-18 11:39:29.479,416.4633392644144,100
2024-09-18 11:39:29.486,416.4171292923944,1004
2024-09-18 11:39:29.586,416.4497516640286,8
2024-09-18 11:39:29.660,416.454609530082,95
2024-09-18 11:39:29.669,416.4748673264725,96
2024-09-18 11:39:29.676,416.44901784419375,12
2024-09-18 11:39:29.729,416.4283155102879,5
2024-09-18 11:39:29.760,416.453475091613,98
2024-09-18 11:39:29.919,416.43236552383695,12
2024-09-18 11:39:30.010,416.56342497266894,99
2024-09-18 11:39:30.019,416.5430092769348,103
2024-09-18 11:39:30.024,416.5293914501426,997
2024-09-18 11:39:30.025,416.5420995188704,9
2024-09-18 11:39:30.063,416.5699834309552,998
2024-09-18 11:39:30.138,416.50568553709047,10
2024-09-18 11:39:30.143,416.5073941176146,5
2024-09-18 11:39:30.150,416.5467514030084,13
2024-09-18 11:39:30.247,416.5408700835271,1001
2024-09-18 11:39:30.267,416.537460488326,1005
2024-09-18 11:39:30.295,41.65762862833804,1000
2024-09-18 11:39:30.423,416.5444791956727,6
2024-09-18 11:39:30.479,416.5372393877064,12
2024-09-18 11:39:30.622,416.5397567184965,15
2024-09-18 11:39:30.694,416.5096641927544,104
2024-09-18 11:39:30.809,416.5488609927057,1000
2024-09-18 11:39:30.875,41.65157663795807,1005
2024-09-18 11:39:30.892,416.53907882244704,99
2024-09-18 11:39:30.894,416.5655546596175,1002
2024-09-18 11:39:30.913,416.56722004742505,103
2024-09-18 11:39:30.978,416.5578752319626,8
2024-09-18 11:39:30.995,416.53577622227226,1001
2024-09-18 11:39:31.085,416.56485833334347,1004
2024-09-18 11:39:31.092,416.55368376300254,1000
2024-09-18 11:39:31.148,416.551691033758,1005
2024-09-18 11:39:31.156,416.5305202438082,104
2024-09-18 11:39:31.214,416.54366921035904,1001
2024-09-18 11:39:31.275,416.5467897800335,1000
2024-09-18 11:39:31.284,416.54908371171246,1002
2024-09-18 11:39:31.341,416.5450630333286,1004
2024-09-18 11:39:31.363,416.5452901027932,104
2024-09-18 11:39:31.545,416.542862660218,5
2024-09-18 11:39:31.586,416.54451559533896,97
2024-09-18 11:39:31.694,416.557386231138,999
2024-09-18 11:39:31.743,416.55507935984105,1003
2024-09-18 11:39:31.756,416.541481885064,999
2024-09-18 11:39:32.045,416.5831197014472,96
2024-09-18 11:39:32.051,416.583136444996,5
2024-09-18 11:39:32.081,416.5859685858971,99
2024-09-18 11:39:32.232,416.566908620966,5
2024-09-18 11:39:32.779,416.5901447084614,97
2024-09-18 11:39:32.991,416.5728362069231,999
2024-09-18 11:39:33.052,416.6348272779564,99
2024-09-18 11:39:33.057,416.6244536402378,996
2024-09-18 11:39:33.064,416.6404855943356,9
2024-09-18 11:39:33.121,416.61318257872745,998
2024-09-18 11:39:33.188,416.6397978123959,1004
2024-09-18 11:39:33.194,416.5975923648637,1005
2024-09-18 11:39:33.217,,1000
2024-09-18 11:39:33.364,416.662068554438,1002
2024-09-18 11:39:33.372,416.58351116993305,6
2024-09-18 11:39:33.417,416.6178286346593,11
2024-09-18 11:39:33.425,416.58639627977647,102
2024-09-18 11:39:33.445,416.6013808265527,995
2024-09-18 11:39:33.529,416.6510299463863,8
2024-09-18 11:39:33.578,416.6179974401382,104
2024-09-18 11:39:33.627,416.59107526342416,103
2024-09-18 11:39:33.723,416.63623506272575,9
2024-09-18 11:39:33.748,416.62167273997017,105
2024-09-18 11:39:33.751,416.5765410523312,1001
2024-09-18 11:39:33.799,416.59301794170256,101
2024-09-18 11:39:33.805,416.5715305782789,15
2024-09-18 11:39:33.828,416.6322396674185,98
2024-09-18 11:39:33.848,416.6627733030032,97
2024-09-18 11:39:33.872,416.6304506218922,999
2024-09-18 11:39:33.905,416.6544747607101,105
2024-09-18 11:39:33.926,416.65883833709177,14
2024-09-18 11:39:33.928,416.6329534714116,96
2024-09-18 11:39:33.935,416.5843607997895,1004
2024-09-18 11:39:33.953,416.5930471960742,1001
2024-09-18 11:39:33.986,416.6346984240551,9
2024-09-18 11:39:34.004,416.6147875892189,101
2024-09-18 11:39:34.087,416.6204053875391,102
2024-09-18 11:39:34.108,416.5842408088685,14
2024-09-18 11:39:34.113,416.6298319876652,13
2024-09-18 11:39:34.134,416.6579563427265,1004
2024-09-18 11:39:34.150,416.5834490464821,98
2024-09-18 11:39:34.178,416.6158931775272,101
2024-09-18 11:39:34.305,416.6292454944176,102
2024-09-18 11:39:34.315,416.6207594317482,9
2024-09-18 11:39:34.342,416.6107987840184,101
2024-09-18 11:39:34.375,416.5779881066155,95
2024-09-18 11:39:34.379,416.5963929749832,11
2024-09-18 11:39:34.405,416.57068437877024,8
2024-09-18 11:39:34.408,416.5727916783984,999
2024-09-18 11:39:34.428,416.5859803691481,5
2024-09-18 11:39:34.485,416.6038453121227,1000
2024-09-18 11:39:34.489,416.6248862644297,996
2024-09-18 11:39:34.593,416.593344237399,96
2024-09-18 11:39:34.604,416.5931665830371,1005
2024-09-18 11:39:34.654,416.5946861129912,105
2024-09-18 11:39:34.765,416.5981223560266,103
2024-09-18 11:39:34.781,416.5994208565757,997
2024-09-18 11:39:34.792,416.57702480756,101
2024-09-18 11:39:34.911,416.6090720099792,9
2024-09-18 11:39:34.957,416.5755110239257,102
2024-09-18 11:39:34.975,416.57055790047855,105
2024-09-18 11:39:34.991,416.5930719159418,7
2024-09-18 11:39:35.078,-416.6414109004058,6
2024-09-18 11:39:35.080,416.62534956348713,5
2024-09-18 11:39:35.082,416.61601561916046,99
2024-09-18 11:39:35.107,416.6259038450986,995
2024-09-18 11:39:35.112,416.64445979244783,1000
2024-09-18 11:39:35.112,416.6240546783662,98
2024-09-18 11:39:35.229,416.6179939651933,101
2024-09-18 11:39:35.238,416.6347254164991,10
2024-09-18 11:39:35.282,416.6204802213051,1005
2024-09-18 11:39:35.315,416.58783088106986,95
2024-09-18 11:39:35.351,416.61052968526064,1005
2024-09-18 11:39:35.367,416.6326151616299,102
2024-09-18 11:39:35.396,416.58493332623794,13
2024-09-18 11:39:35.603,416.6094351689764,99
2024-09-18 11:39:35.737,416.5713600934275,14
2024-09-18 11:39:35.764,416.6170464529037,5
2024-09-18 11:39:35.898,416.6018472155151,1003
2024-09-18 11:39:35.913,416.6113309259426,103
2024-09-18 11:39:35.917,416.6297039726048,999
2024-09-18 11:39:35.928,416.6141088283408,100
2024-09-18 11:39:35.960,416.63222760727314,95
2024-09-18 11:39:35.975,416.6077296077359,1003
2024-09-18 11:39:35.980,416.6151748342338,14
2024-09-18 11:39:36.004,41.658996235403805,1001
2024-09-18 11:39:36.025,416.5835174436884,99
2024-09-18 11:39:36.026,416.5844835068949,996
2024-09-18 11:39:36.096,416.5993303790927,1004
2024-09-18 11:39:36.108,416.60590971889457,11
2024-09-18 11:39:36.198,416.58588213588325,996
2024-09-18 11:39:36.211,416.578947216469,97
2024-09-18 11:39:36.237,416.5713657717207,995
2024-09-18 11:39:36.251,416.6033144079512,96
2024-09-18 11:39:36.334,416.625279469011,105
2024-09-18 11:39:36.372,416.6324777291075,1000
2024-09-18 11:39:36.385,416.6496322274127,14
2024-09-18 11:39:36.396,416.58988772939534,96
2024-09-18 11:39:36.401,416.5965647198869,6
2024-09-18 11:39:36.449,416.5809909048045,996
2024-09-18 11:39:36.497,416.62432184874,105
2024-09-18 11:39:36.511,416.5838581998732,13
2024-09-18 11:39:36.514,416.5927434746597,98
2024-09-18 11:39:36.544,416.569606090522,101
2024-09-18 11:39:36.567,416.58364468547614,102
2024-09-18 11:39:36.700,416.6403385618901,95
2024-09-18 11:39:36.704,416.5778246450174,97
2024-09-18 11:39:36.734,416.6054090634158,96
2024-09-18 11:39:36.756,416.5869172755896,6
2024-09-18 11:39:36.904,416.5711385544199,1002
2024-09-18 11:39:36.986,416.65181407331374,1003
2024-09-18 11:39:37.056,416.61073439755705,1003
2024-09-18 11:39:37.274,,100
2024-09-18 11:39:37.334,416.60766403509,998
2024-09-18 11:39:37.475,416.6415579321388,5
2024-09-18 11:39:37.842,416.6189196071337,100
2024-09-18 11:39:37.880,416.612295705384,9
2024-09-18 11:39:37.998,416.624468409056,13
2024-09-18 11:39:39.012,416.5879865234184,1004
2024-09-18 11:39:39.032,416.6003742216987,96
2024-09-18 11:39:39.182,416.60703805039145,1005
2024-09-18 11:39:39.203,416.6370760379633,998
2024-09-18 11:39:39.234,416.5889047377862,104
2024-09-18 11:39:39.246,416.5876872420628,1001
2024-09-18 11:39:39.461,416.5692476129138,1005
2024-09-18 11:39:39.529,416.61383772063664,98
2024-09-18 11:39:39.642,416.59807442962426,97
2024-09-18 11:39:39.716,416.6037885494226,1001
2024-09-18 11:39:39.770,416.56595195769097,99
2024-09-18 11:39:39.783,416.5939912507837,13
2024-09-18 11:39:39.843,416.5981425882114,102
2024-09-18 11:39:40.105,416.571061788025,103
2024-09-18 11:39:40.306,416.56462666424346,7
2024-09-18 11:39:40.391,416.5934025467654,98
2024-09-18 11:39:40.434,416.556939912551,14
2024-09-18 11:39:40.528,416.5691768338156,102
2024-09-18 11:39:40.539,416.58277884780045,7
2024-09-18 11:39:40.564,416.5640916723757,12
2024-09-18 11:39:40.637,416.57396891373895,100
2024-09-18 11:39:40.756,416.5666457132243,1005
2024-09-18 11:39:40.811,416.57937008910255,1000
2024-09-18 11:39:41.005,416.5567556166086,102
2024-09-18 11:39:41.515,416.5432734352243,11
2024-09-18 11:39:41.630,416.5809747023419,997
2024-09-18 11:39:41.706,416.5588314186084,98
2024-09-18 11:39:41.750,41.658672302768665,103
2024-09-18 11:39:41.906,416.5673519641311,103
2024-09-18 11:39:42.021,416.56450041752913,1004
2024-09-18 11:39:42.102,41.65739957711976,8
2024-09-18 11:39:42.217,416.5433299850999,7
2024-09-18 11:39:42.289,416.5768200492504,96
2024-09-18 11:39:42.294,416.5632393814743,102
2024-09-18 11:39:42.328,416.575232019769,101
2024-09-18 11:39:42.337,416.5614680076299,96
2024-09-18 11:39:42.553,,99
2024-09-18 11:39:42.567,416.5438956693322,100
2024-09-18 11:39:42.581,416.5533126977951,1003
2024-09-18 11:39:42.665,416.5518607161829,8
2024-09-18 11:39:42.667,416.5907568186117,8
2024-09-18 11:39:42.686,416.60889398226914,995
2024-09-18 11:39:42.733,416.5315729988628,8
2024-09-18 11:39:42.844,416.54658919297566,98
2024-09-18 11:39:42.871,416.5569566072528,97
2024-09-18 11:39:42.945,416.5768623827827,1002
2024-09-18 11:39:43.003,416.54972121654646,105
2024-09-18 11:39:43.012,416.4290609161079,100
2024-09-18 11:39:43.175,416.5468998209553,5
2024-09-18 11:39:43.201,416.5702503363001,999
2024-09-18 11:39:43.201,416.47355866796295,12
2024-09-18 11:39:43.250,416.4454940676053,1002
2024-09-18 11:39:43.277,416.4667169177037,15
2024-09-18 11:39:43.288,416.56633012245663,9
2024-09-18 11:39:43.300,416.5499568913318,1000
2024-09-18 11:39:43.304,416.43276723256815,103
2024-09-18 11:39:43.412,416.538568317002,14
2024-09-18 11:39:43.429,416.55225735550727,102
2024-09-18 11:39:43.433,416.4258571359461,1005
2024-09-18 11:39:43.452,416.5049015823101,1001
2024-09-18 11:39:43.496,416.4797575557552,998
2024-09-18 11:39:43.540,416.4927655799248,1001
2024-09-18 11:39:43.562,416.5644217298309,98
2024-09-18 11:39:43.653,416.5589875498298,1004
2024-09-18 11:39:43.707,416.5269833126712,997
2024-09-18 11:39:43.718,416.5484252667172,100
2024-09-18 11:39:43.759,416.5843097387067,103
2024-09-18 11:39:43.795,416.4776894558631,103
2024-09-18 11:39:43.831,416.4693753571376,100
2024-09-18 11:39:43.846,416.5447552256969,104
2024-09-18 11:39:43.925,416.4719431538814,5
2024-09-18 11:39:43.959,416.4683796478986,5
2024-09-18 11:39:44.023,416.434717715783,995
2024-09-18 11:39:44.062,416.4015447917076,6
2024-09-18 11:39:44.161,416.41158852044487,96
2024-09-18 11:39:44.175,416.4203965231312,101
2024-09-18 11:39:44.181,416.4031824471566,13
2024-09-18 11:39:44.215,416.4182370999976,102
2024-09-18 11:39:44.245,416.4113115105102,8
2024-09-18 11:39:44.266,416.4412929123816,101
2024-09-18 11:39:44.392,416.4279951428449,100
2024-09-18 11:39:44.456,416.45737746733937,9
2024-09-18 11:39:44.600,416.4210319545241,998
2024-09-18 11:39:44.609,416.43131606241394,7
2024-09-18 11:39:44.864,416.4028106568276,103
2024-09-18 11:39:44.992,416.44462418096407,6
2024-09-18 11:39:45.015,416.4133944127751,998
2024-09-18 11:39:45.262,416.4437996030787,1004
2024-09-18 11:39:45.312,416.448730097715,13
2024-09-18 11:39:45.327,416.4267165848896,13
2024-09-18 11:39:45.526,416.4266040642349,1000
2024-09-18 11:39:45.667,416.4437623944322,101
2024-09-18 11:39:45.757,416.4324695912704,5
2024-09-18 11:39:45.810,416.4378529468169,1001
2024-09-18 11:39:45.856,416.44081475366,995
2024-09-18 11:39:46.571,416.47120386820353,995
2024-09-18 11:39:46.733,416.4472356336919,1001
2024-09-18 11:39:46.780,416.4680933039928,1004
2024-09-18 11:39:47.049,416.4381178478764,98
2024-09-18 11:39:47.089,416.46490140932303,97
2024-09-18 11:39:47.124,416.4511284154901,7
2024-09-18 11:39:47.145,416.4461404055149,997
2024-09-18 11:39:47.264,416.4209987538253,998
2024-09-18 11:39:47.309,416.4490026936969,996
2024-09-18 11:39:47.328,416.43452546821385,13
2024-09-18 11:39:47.461,416.4437905018544,6
2024-09-18 11:39:47.528,416.4578176533055,12
2024-09-18 11:39:47.544,416.43934072438526,1005
2024-09-18 11:39:47.550,416.4429934442752,996
2024-09-18 11:39:47.623,416.4652978397646,99
2024-09-18 11:39:47.669,416.45217431182056,101
2024-09-18 11:39:47.743,416.4475996629112,997
2024-09-18 11:39:47.802,416.46124293220754,997
2024-09-18 11:39:47.872,416.45220965244346,103
2024-09-18 11:39:47.918,416.4834931136488,5
2024-09-18 11:39:47.920,416.4698244890461,96
2024-09-18 11:39:47.922,416.46393593138407,104
2024-09-18 11:39:47.927,416.4522806331717,1003
2024-09-18 11:39:48.095,,6
2024-09-18 11:39:48.097,416.3928038238095,102
2024-09-18 11:39:48.178,416.4362920863797,13
2024-09-18 11:39:48.232,416.3430262457864,8
2024-09-18 11:39:48.248,416.4163610226303,1003
2024-09-18 11:39:48.301,416.3759419884148,13
2024-09-18 11:39:48.302,416.42297724456176,996
2024-09-18 11:39:48.372,416.34075308978726,6
2024-09-18 11:39:48.377,416.3435060163073,5
2024-09-18 11:39:48.378,416.3871798125779,95
2024-09-18 11:39:48.399,416.36108051682106,10
2024-09-18 11:39:48.425,416.3554277075515,104
2024-09-18 11:39:48.433,416.3932765102664,1005
2024-09-18 11:39:48.439,416.3701585548361,12
2024-09-18 11:39:48.457,416.4334425378751,103
2024-09-18 11:39:48.495,416.4473924826615,997
2024-09-18 11:39:48.555,416.3777506607785,1003
2024-09-18 11:39:48.561,416.40287582471257,97
2024-09-18 11:39:48.562,416.3854298304707,1005
2024-09-18 11:39:48.587,416.3808838482037,997
2024-09-18 11:39:48.685,416.3550488749693,998
2024-09-18 11:39:48.714,416.35613744886746,13
2024-09-18 11:39:48.792,416.362122818424,105
2024-09-18 11:39:48.814,416.374372634244,995
2024-09-18 11:39:48.838,416.4163910290861,15
2024-09-18 11:39:48.905,416.42704816655953,101
2024-09-18 11:39:48.930,416.4262536994734,105
2024-09-18 11:39:50.018,416.35282717454606,1000
2024-09-18 11:39:50.056,416.3472933860045,9
2024-09-18 11:39:50.061,416.3626674754992,14
2024-09-18 11:39:50.171,416.3793424358289,103
2024-09-18 11:39:50.178,416.36827421875256,98
2024-09-18 11:39:50.263,416.36395534804143,13
2024-09-18 11:39:50.273,416.3565688837653,12
2024-09-18 11:39:50.393,416.3576785929105,12
2024-09-18 11:39:50.506,416.37084507080544,998
2024-09-18 11:39:50.518,416.3496342305976,96
2024-09-18 11:39:50.686,416.3561145771629,5
2024-09-18 11:39:50.721,416.3339114224849,96
2024-09-18 11:39:50.940,416.3713860004767,1004
2024-09-18 11:39:51.120,416.3783630478659,1002
2024-09-18 11:39:51.200,41.637064137903856,8
2024-09-18 11:39:51.243,416.3600569673206,10
2024-09-18 11:39:51.272,416.3727554045148,5
2024-09-18 11:39:51.314,416.3732006576348,1005
2024-09-18 11:39:51.342,-416.3456058286175,7
2024-09-18 11:39:51.417,416.3818360897183,99
2024-09-18 11:39:51.429,416.3632931799901,8
2024-09-18 11:39:51.480,416.3661981275716,1004
2024-09-18 11:39:51.508,416.3763937918768,104
2024-09-18 11:39:51.510,416.3443015184595,1005
2024-09-18 11:39:51.525,416.3789559026133,15
2024-09-18 11:39:51.553,416.3546548544573,9
2024-09-18 11:39:51.634,416.3877439556109,97
2024-09-18 11:39:51.757,416.34564053799744,98
2024-09-18 11:39:51.796,416.3736594620023,1005
2024-09-18 11:39:51.868,416.3851617617105,1004
2024-09-18 11:39:51.954,416.36492827017554,102
2024-09-18 11:39:51.959,416.360932828104,1003
2024-09-18 11:39:52.006,416.3878025777715,10
2024-09-18 11:39:52.021,416.3581434203341,1001
2024-09-18 11:39:52.070,416.3535358742524,103
2024-09-18 11:39:52.123,416.36965238656353,999
2024-09-18 11:39:52.228,416.3929923760778,105
2024-09-18 11:39:52.311,416.3907632064898,99
2024-09-18 11:39:52.415,416.3730352631912,6
2024-09-18 11:39:52.439,41.63882134145061,98
2024-09-18 11:39:52.461,416.3448966278369,99
2024-09-18 11:39:52.558,416.3711801589337,98
2024-09-18 11:39:52.663,416.38282107586906,7
2024-09-18 11:39:52.717,416.369461559957,96
2024-09-18 11:39:52.754,416.3873756042521,102
2024-09-18 11:39:52.775,416.4115390861199,105
2024-09-18 11:39:52.778,416.3630949088912,97
2024-09-18 11:39:52.825,416.3671511291598,8
2024-09-18 11:39:52.896,416.3772379826597,103
2024-09-18 11:39:52.903,416.3718706590308,10
2024-09-18 11:39:52.954,416.3868553635491,98
2024-09-18 11:39:53.052,416.4315734436223,6
2024-09-18 11:39:53.076,416.4716763307455,99
2024-09-18 11:39:53.141,416.4793635159776,1004
2024-09-18 11:39:53.142,416.46314950460766,14
2024-09-18 11:39:53.151,416.4636304617338,99
2024-09-18 11:39:53.184,416.4904167651503,1005
2024-09-18 11:39:53.222,416.47229193754833,95
2024-09-18 11:39:53.298,416.47941426752095,1001
2024-09-18 11:39:53.316,416.4891780682996,11
2024-09-18 11:39:53.343,416.4703241429784,98
2024-09-18 11:39:53.395,416.4357873662802,11
2024-09-18 11:39:53.398,416.47630807404965,11
2024-09-18 11:39:53.425,416.4547587441874,102
2024-09-18 11:39:53.432,416.4495648535186,1005
2024-09-18 11:39:53.618,416.4707988851653,95
2024-09-18 11:39:53.693,416.4414399397878,999
2024-09-18 11:39:53.698,416.4544915901472,105
2024-09-18 11:39:53.738,416.46332890390624,1000
2024-09-18 11:39:53.744,416.462099315604,995
2024-09-18 11:39:53.763,416.4595169162623,1000
2024-09-18 11:39:53.798,416.4453922983223,996
2024-09-18 11:39:53.820,416.4587959966759,95
2024-09-18 11:39:53.909,416.4781681018168,105
2024-09-18 11:39:53.990,416.46788485957273,1000
2024-09-18 11:39:54.056,416.49928018534536,1001
2024-09-18 11:39:54.154,416.51075565142094,96
2024-09-18 11:39:54.198,416.5053737323549,10
2024-09-18 11:39:54.403,416.4922540986379,102
2024-09-18 11:39:54.529,416.479235644208,14
2024-09-18 11:39:54.565,416.48620290992847,1005
2024-09-18 11:39:54.811,416.4982188268812,95
2024-09-18 11:39:54.913,416.4704643542856,14
2024-09-18 11:39:55.025,416.4745568540247,997
2024-09-18 11:39:55.094,416.4823114974441,6
2024-09-18 11:39:55.106,416.4523942909334,14
2024-09-18 11:39:55.250,416.4824657315596,98
2024-09-18 11:39:55.255,416.4484644205013,999
2024-09-18 11:39:55.258,416.4902340698836,12
2024-09-18 11:39:55.353,416.4781372796495,97
2024-09-18 11:39:55.401,416.4735075182075,996
2024-09-18 11:39:55.411,416.4658705166682,97
2024-09-18 11:39:55.458,416.4581782241519,1002
2024-09-18 11:39:55.931,416.4701302614508,99
2024-09-18 11:39:55.976,416.4573099802224,996
2024-09-18 11:39:56.060,416.4637976448635,104
2024-09-18 11:39:56.107,416.47855414517954,997
2024-09-18 11:39:56.164,,105
2024-09-18 11:39:56.222,416.4816581473663,10
2024-09-18 11:39:56.234,416.50495930185446,104
2024-09-18 11:39:56.275,416.4633637835989,5
2024-09-18 11:39:56.315,416.47921900693984,9
2024-09-18 11:39:56.343,416.5003809885412,99
2024-09-18 11:39:56.389,416.50171716300383,7
2024-09-18 11:39:56.449,416.5056518660699,13
2024-09-18 11:39:56.492,416.4645213983599,15
2024-09-18 11:39:56.495,416.4953826510304,99
2024-09-18 11:39:56.498,416.5050811220443,13
2024-09-18 11:39:56.505,416.5019198169956,1005
2024-09-18 11:39:56.541,416.481115457495,1003
2024-09-18 11:39:56.543,416.4698765528847,6
2024-09-18 11:39:56.609,416.4942165798906,1003
2024-09-18 11:39:56.625,416.4769565821164,101
2024-09-18 11:39:56.651,416.472993130534,6
2024-09-18 11:39:56.720,416.46487432783965,100
2024-09-18 11:39:56.747,416.5147179472107,104
2024-09-18 11:39:56.804,416.46528451529787,1002
2024-09-18 11:39:56.850,416.4699176779055,999
2024-09-18 11:39:56.861,416.516738746588,1003
2024-09-18 11:39:56.893,416.4998253871884,1003
2024-09-18 11:39:56.925,416.4960316912759,100
2024-09-18 11:39:56.983,416.5001993854279,98
2024-09-18 11:39:56.984,416.456928990073,999
2024-09-18 11:39:57.044,416.55874950644153,5
2024-09-18 11:39:57.110,416.5225968506736,105
2024-09-18 11:39:57.116,416.5422078232865,95
2024-09-18 11:39:57.146,416.5423899243679,8
2024-09-18 11:39:57.152,416.5522699410098,102
2024-09-18 11:39:57.158,416.5542233205528,100
2024-09-18 11:39:57.159,416.53180591123424,11
2024-09-18 11:39:57.161,416.5488000609337,8
2024-09-18 11:39:57.233,416.5586511418277,1004
2024-09-18 11:39:57.284,416.54722228850056,12
2024-09-18 11:39:57.357,416.5614328063488,97
2024-09-18 11:39:57.427,416.5311986847379,10
2024-09-18 11:39:57.527,416.52586219297206,98
2024-09-18 11:39:57.528,416.56558607316015,1001
2024-09-18 11:39:57.576,416.5307529807986,995
2024-09-18 11:39:57.577,416.53673188316543,1005
2024-09-18 11:39:57.709,416.5447425505719,5
2024-09-18 11:39:57.717,416.53676837045646,99
2024-09-18 11:39:57.746,416.55028502069,95
2024-09-18 11:39:57.833,416.5350880342413,8
2024-09-18 11:39:57.858,416.5410963769167,96
2024-09-18 11:39:57.900,416.5615649583844,100
2024-09-18 11:39:57.959,416.53629601568616,1002
2024-09-18 11:39:57.984,416.5447032616358,11
2024-09-18 11:39:57.988,416.5617831413685,14
2024-09-18 11:39:58.013,416.5013920245015,1003
2024-09-18 11:39:58.052,416.5002672081873,7
2024-09-18 11:39:58.083,,1001
2024-09-18 11:39:58.094,416.5187400985345,103
2024-09-18 11:39:58.120,416.52214075046805,5
2024-09-18 11:39:58.186,416.4986886089376,10
2024-09-18 11:39:58.201,416.5562497278224,105
2024-09-18 11:39:58.353,416.4831096305547,1004
2024-09-18 11:39:58.362,416.54514459535545,6
2024-09-18 11:39:58.449,416.48302299628017,995
2024-09-18 11:39:58.556,416.4382690869899,99
2024-09-18 11:39:58.562,416.5106778205005,98
2024-09-18 11:39:58.569,416.52416761002286,14
2024-09-18 11:39:58.583,416.53595845169775,9
2024-09-18 11:39:58.600,416.5291382184973,1002
2024-09-18 11:39:58.640,,996
2024-09-18 11:39:58.711,416.53379537999,12
2024-09-18 11:39:58.736,416.5149146247712,1003
2024-09-18 11:39:58.842,416.5156671636269,95
2024-09-18 11:39:58.858,416.5337525513592,6
2024-09-18 11:39:58.896,416.55367736192665,999
2024-09-18 11:39:58.901,416.4542773273005,6
2024-09-18 11:39:58.919,416.5192282761751,105
2024-09-18 11:39:58.940,416.4419667890196,997
2024-09-18 11:39:58.986,416.4910584412464,102
2024-09-18 11:39:59.037,416.477832166198,95
2024-09-18 11:39:59.173,416.4383805584316,9
2024-09-18 11:39:59.214,416.4289923910561,1002
2024-09-18 11:39:59.264,416.4314770044546,1001
2024-09-18 11:39:59.304,416.43410738805886,101
2024-09-18 11:39:59.448,416.4607619062638,98
2024-09-18 11:39:59.516,416.47423751763375,11
2024-09-18 11:39:59.538,416.4326950378616,5
2024-09-18 11:39:59.615,416.4427166384514,996
2024-09-18 11:39:59.636,416.4566625567179,1001
2024-09-18 11:39:59.681,416.4608506214982,100
2024-09-18 11:39:59.714,416.4513773011674,101
2024-09-18 11:39:59.738,416.4453350402179,5
2024-09-18 11:39:59.763,416.43656179662736,1001
2024-09-18 11:39:59.846,416.46475946712593,104
2024-09-18 11:39:59.887,416.4140984449685,11
