Timestamp,Price,Size
2024-09-20 10:50:00.039,425.4309864324768,10
2024-09-20 10:50:00.063,425.3852814980471,15
2024-09-20 10:50:00.084,425.3438943564654,9
2024-09-20 10:50:00.123,425.3591767678434,15
2024-09-20 10:50:00.181,425.34448943910326,100
2024-09-20 10:50:00.385,425.3512624315021,103
2024-09-20 10:50:00.421,42.538973887609735,1005
2024-09-20 10:50:00.475,425.3906886785344,998
2024-09-20 10:50:00.530,425.42590181911567,997
2024-09-20 10:50:00.640,425.3270665959646,998
2024-09-20 10:50:00.659,425.3653452688665,95
2024-09-20 10:50:00.675,425.41102275910936,10
2024-09-20 10:50:00.695,425.4075899219858,15
2024-09-20 10:50:00.717,425.3514852682595,99
2024-09-20 10:50:00.739,425.3482628460285,96
2024-09-20 10:50:00.829,425.402814870268,95
2024-09-20 10:50:01.137,425.4321504080673,1005
2024-09-20 10:50:01.211,425.4115269406325,97
2024-09-20 10:50:01.407,425.4518687916724,1001
2024-09-20 10:50:01.439,425.4220309676632,102
2024-09-20 10:50:01.570,425.4644282082255,997
2024-09-20 10:50:02.129,425.492564365365,1003
2024-09-20 10:50:02.244,425.4322788948963,96
2024-09-20 10:50:02.248,425.4153053790119,996
2024-09-20 10:50:02.254,425.4796403661875,5
2024-09-20 10:50:02.330,425.4555048977168,998
2024-09-20 10:50:02.357,425.4651852905498,97
2024-09-20 10:50:02.377,425.4398781128601,9
2024-09-20 10:50:02.467,425.4879679219418,105
2024-09-20 10:50:02.482,425.4031147628842,995
2024-09-20 10:50:02.491,425.4717411124578,997
2024-09-20 10:50:02.548,425.4257428235538,10
2024-09-20 10:50:02.575,425.4707869318881,1000
2024-09-20 10:50:02.666,425.4813226714932,10
2024-09-20 10:50:02.680,425.40875113468985,98
2024-09-20 10:50:02.682,425.4159623450713,97
2024-09-20 10:50:02.794,425.4735253817253,1001
2024-09-20 10:50:02.821,-425.4459347863297,999
2024-09-20 10:50:02.833,425.4119228594025,13
2024-09-20 10:50:02.859,425.48136047850335,5
2024-09-20 10:50:02.978,425.4803658718779,1005
2024-09-20 10:50:02.979,425.4533783958824,98
2024-09-20 10:50:03.032,425.4118661876057,101
2024-09-20 10:50:03.220,425.4294504127255,11
2024-09-20 10:50:03.318,425.39457047396985,7
2024-09-20 10:50:03.555,425.4123334187591,5
2024-09-20 10:50:03.629,425.4113169158302,1001
2024-09-20 10:50:04.021,425.3987196921205,1000
2024-09-20 10:50:04.022,425.3857424258561,995
2024-09-20 10:50:04.090,425.36932809524137,9
2024-09-20 10:50:04.161,425.3751067604905,1000
2024-09-20 10:50:04.192,425.3480401040905,96
2024-09-20 10:50:04.340,425.36465473787024,1005
2024-09-20 10:50:04.456,425.3500194993412,8
2024-09-20 10:50:04.504,425.3686338873547,1004
2024-09-20 10:50:04.523,425.3812864867817,996
2024-09-20 10:50:04.566,425.3344344478131,996
2024-09-20 10:50:04.567,425.356316119764,1001
2024-09-20 10:50:04.580,425.3719210884211,998
2024-09-20 10:50:04.603,425.335387825385,15
2024-09-20 10:50:04.658,425.3729026681079,98
2024-09-20 10:50:04.725,425.36995770681983,996
2024-09-20 10:50:04.773,425.3672922347975,13
2024-09-20 10:50:04.791,425.3737551214571,12
2024-09-20 10:50:04.810,425.36090686948125,9
2024-09-20 10:50:04.881,425.401440936905,15
2024-09-20 10:50:04.941,425.3640437536868,9
2024-09-20 10:50:04.973,425.3619187037049,9
2024-09-20 10:50:04.989,425.3499357147189,102
2024-09-20 10:50:05.008,425.3456547285297,100
2024-09-20 10:50:05.093,425.3613324922814,96
2024-09-20 10:50:05.225,425.3032890335836,7
2024-09-20 10:50:05.490,425.3368169638897,5
2024-09-20 10:50:05.495,425.311233953161,999
2024-09-20 10:50:05.586,425.2970270379574,1004
2024-09-20 10:50:05.632,425.29058873581806,105
2024-09-20 10:50:05.725,425.3275177426787,104
2024-09-20 10:50:05.888,425.340674704528,1002
2024-09-20 10:50:05.922,425.3136944433042,1005
2024-09-20 10:50:06.190,425.3119678426487,9
2024-09-20 10:50:06.348,425.3223151675779,14
2024-09-20 10:50:07.011,425.31317576882464,1004
2024-09-20 10:50:07.027,42.5323702391762,104
2024-09-20 10:50:07.042,425.3038504787266,1000
2024-09-20 10:50:07.053,425.34285591764217,100
2024-09-20 10:50:07.073,425.3067540070916,10
2024-09-20 10:50:07.150,425.3141611576286,105
2024-09-20 10:50:07.229,425.2446937399277,101
2024-09-20 10:50:07.232,425.25617686143767,95
2024-09-20 10:50:07.298,425.31724057382456,101
2024-09-20 10:50:07.312,425.3379585740855,96
2024-09-20 10:50:07.345,425.360435575562,12
2024-09-20 10:50:07.374,425.3298252175748,1005
2024-09-20 10:50:07.436,425.27854411759535,104
2024-09-20 10:50:07.443,425.35992409062135,102
2024-09-20 10:50:07.525,425.2913936522448,998
2024-09-20 10:50:07.546,425.3091763894896,1004
2024-09-20 10:50:07.549,425.2775518887148,95
2024-09-20 10:50:07.556,425.3147906632993,102
2024-09-20 10:50:07.641,425.3281836114645,15
2024-09-20 10:50:07.677,425.33305034122907,10
2024-09-20 10:50:07.682,425.34361103214655,1002
2024-09-20 10:50:07.770,425.3286312654465,12
2024-09-20 10:50:07.791,425.28014890228775,14
2024-09-20 10:50:07.846,425.32498069258594,1000
2024-09-20 10:50:07.849,425.3592294091105,10
2024-09-20 10:50:07.931,425.3271562685744,12
2024-09-20 10:50:07.942,425.2708421428815,104
2024-09-20 10:50:07.951,425.35095108738994,99
2024-09-20 10:50:08.026,425.2729113648603,999
2024-09-20 10:50:08.085,425.28142085602,1004
2024-09-20 10:50:08.143,425.3168861756308,13
2024-09-20 10:50:08.191,425.31453697888975,100
2024-09-20 10:50:08.203,425.3239549655147,1001
2024-09-20 10:50:08.341,425.3109205500537,104
2024-09-20 10:50:08.415,425.3463410872951,104
2024-09-20 10:50:08.447,425.30698494181,13
2024-09-20 10:50:08.481,425.3323694400348,104
2024-09-20 10:50:08.507,425.283706909118,997
2024-09-20 10:50:08.528,425.3117867738465,101
2024-09-20 10:50:08.609,425.3385262004997,1005
2024-09-20 10:50:08.630,425.3446395072536,11
2024-09-20 10:50:08.641,425.29874207570566,99
2024-09-20 10:50:08.676,425.3401275089031,15
2024-09-20 10:50:08.696,425.2624623813815,10
2024-09-20 10:50:08.883,425.3177436691064,100
2024-09-20 10:50:08.954,425.3385142585194,997
2024-09-20 10:50:08.962,,10
2024-09-20 10:50:08.999,425.3346123719098,100
2024-09-20 10:50:09.256,425.3222807008565,1004
2024-09-20 10:50:09.292,425.3700141319618,999
2024-09-20 10:50:09.346,425.35240128978495,995
2024-09-20 10:50:09.369,425.3527589236351,1002
2024-09-20 10:50:09.403,425.3360215269466,100
2024-09-20 10:50:09.418,425.3145197325131,999
2024-09-20 10:50:09.425,425.32448250844095,11
2024-09-20 10:50:09.459,425.3414710179057,96
2024-09-20 10:50:09.567,425.30654058607206,998
2024-09-20 10:50:09.832,425.3203214307171,13
2024-09-20 10:50:09.836,425.3030138983915,13
2024-09-20 10:50:09.907,425.3460592331562,9
2024-09-20 10:50:09.995,425.3193289691868,1001
2024-09-20 10:50:10.026,425.3753701560039,15
2024-09-20 10:50:10.032,425.4028817791228,11
2024-09-20 10:50:10.238,425.38367262778576,98
2024-09-20 10:50:10.345,425.40002160442936,102
2024-09-20 10:50:10.348,425.4002108255494,1003
2024-09-20 10:50:10.367,425.3770003884295,10
2024-09-20 10:50:10.380,425.38630676433735,7
2024-09-20 10:50:10.571,425.4001935908767,997
2024-09-20 10:50:10.597,425.3921915792495,97
2024-09-20 10:50:10.617,425.3872214926068,96
2024-09-20 10:50:10.951,425.4123987389949,98
2024-09-20 10:50:11.000,425.3801827967367,1001
2024-09-20 10:50:11.062,425.34043207089366,6
2024-09-20 10:50:11.100,425.382626185954,13
2024-09-20 10:50:11.112,425.2613711768015,9
2024-09-20 10:50:11.202,425.3755971871127,98
2024-09-20 10:50:11.250,425.2874229069674,98
2024-09-20 10:50:11.298,425.29557614363495,998
2024-09-20 10:50:11.345,425.37297445905705,997
2024-09-20 10:50:11.376,425.3346367521711,97
2024-09-20 10:50:11.409,425.3772479001236,998
2024-09-20 10:50:11.459,,14
2024-09-20 10:50:11.499,-425.37596571360496,10
2024-09-20 10:50:11.524,425.3726368616596,8
2024-09-20 10:50:11.534,425.3282825879344,14
2024-09-20 10:50:11.544,425.373652867529,104
2024-09-20 10:50:11.562,425.3639657185452,1002
2024-09-20 10:50:11.589,425.3495932861732,1005
2024-09-20 10:50:11.627,425.3645468003941,98
2024-09-20 10:50:11.635,425.3487266032231,1003
2024-09-20 10:50:11.821,425.3807421810146,5
2024-09-20 10:50:11.873,425.3240209454064,6
2024-09-20 10:50:11.912,425.369211969706,105
2024-09-20 10:50:11.971,425.3267275775353,5
2024-09-20 10:50:11.989,425.30640065342106,96
2024-09-20 10:50:12.035,425.3602760399231,97
2024-09-20 10:50:12.070,425.2766659544067,995
2024-09-20 10:50:12.110,425.3697554948539,12
2024-09-20 10:50:12.152,425.3674085580104,95
2024-09-20 10:50:12.159,425.295048903655,7
2024-09-20 10:50:12.209,425.269131600888,6
2024-09-20 10:50:12.217,425.3538943589581,104
2024-09-20 10:50:12.256,425.2858374693002,995
2024-09-20 10:50:12.316,425.3661601531592,5
2024-09-20 10:50:12.324,425.2788566489989,5
2024-09-20 10:50:12.359,425.3681708024045,12
2024-09-20 10:50:12.433,425.326733697842,10
2024-09-20 10:50:12.438,425.37409549605024,8
2024-09-20 10:50:12.439,425.3789876853817,102
2024-09-20 10:50:12.615,425.3746571648264,1005
2024-09-20 10:50:12.669,425.2722996975736,996
2024-09-20 10:50:12.677,425.3606261687739,998
2024-09-20 10:50:12.716,425.3049803719789,9
2024-09-20 10:50:12.782,425.3725542124698,1001
2024-09-20 10:50:12.796,425.2723448967784,95
2024-09-20 10:50:12.806,425.3060280461113,997
2024-09-20 10:50:12.827,425.3891488734237,103
2024-09-20 10:50:12.831,425.3411478282502,11
2024-09-20 10:50:12.849,425.2615312938785,1003
2024-09-20 10:50:12.870,425.3256539874517,103
2024-09-20 10:50:12.918,425.34906906496826,9
2024-09-20 10:50:12.962,425.38273766899897,8
2024-09-20 10:50:12.987,425.353837195314,6
2024-09-20 10:50:12.992,425.2696528406281,998
2024-09-20 10:50:13.210,425.3517632806625,1002
2024-09-20 10:50:13.228,425.3238111237874,1003
2024-09-20 10:50:13.360,425.35251960815526,6
2024-09-20 10:50:13.378,425.295525345904,1002
2024-09-20 10:50:13.466,425.3165306679416,998
2024-09-20 10:50:13.480,425.3388647976175,102
2024-09-20 10:50:13.598,425.2966852652252,6
2024-09-20 10:50:13.631,425.3635164792566,102
2024-09-20 10:50:13.656,425.3199533969297,1005
2024-09-20 10:50:13.747,425.3305925765085,997
2024-09-20 10:50:13.883,425.3150441579433,7
2024-09-20 10:50:13.903,425.33036957652894,998
2024-09-20 10:50:13.910,425.3358064292583,1005
2024-09-20 10:50:14.132,425.30458721296606,13
2024-09-20 10:50:14.189,425.2942077828735,997
2024-09-20 10:50:14.236,42.531343080138086,102
2024-09-20 10:50:14.289,425.2862655243981,8
2024-09-20 10:50:14.355,425.30608052014,14
2024-09-20 10:50:14.431,425.29990829943057,1005
2024-09-20 10:50:14.470,425.2811480751544,96
2024-09-20 10:50:14.486,425.31300750389306,1001
2024-09-20 10:50:14.506,425.3126380109528,102
2024-09-20 10:50:14.570,425.2946554270344,8
2024-09-20 10:50:14.795,425.3021470027553,15
2024-09-20 10:50:14.906,425.3122133868191,1004
2024-09-20 10:50:14.956,425.2880393324057,105
2024-09-20 10:50:14.958,425.3244410425864,999
2024-09-20 10:50:15.023,425.4180511091653,996
2024-09-20 10:50:15.077,425.39398799920974,997
2024-09-20 10:50:15.081,425.43399877249993,996
2024-09-20 10:50:15.085,425.4097597199575,14
2024-09-20 10:50:15.090,425.39644395774366,9
2024-09-20 10:50:15.093,425.4039416471724,95
2024-09-20 10:50:15.110,425.4199748159881,1003
2024-09-20 10:50:15.189,425.4020768965335,999
2024-09-20 10:50:15.217,425.43167985783936,95
2024-09-20 10:50:15.234,425.36403102575247,12
2024-09-20 10:50:15.290,425.38803134235576,100
2024-09-20 10:50:15.366,425.4203236678816,15
2024-09-20 10:50:15.415,425.40043842172247,6
2024-09-20 10:50:15.465,425.34732243027855,8
2024-09-20 10:50:15.483,,9
2024-09-20 10:50:15.510,425.36866979614587,10
2024-09-20 10:50:15.528,425.4330656899381,102
2024-09-20 10:50:15.564,425.3733101241355,10
2024-09-20 10:50:15.587,425.4014816635242,95
2024-09-20 10:50:15.618,425.4167257231306,1005
2024-09-20 10:50:15.640,425.4079052780233,1005
2024-09-20 10:50:15.715,,9
2024-09-20 10:50:15.721,425.33406748507394,98
2024-09-20 10:50:15.792,425.38443853634703,7
2024-09-20 10:50:15.837,425.4187084323974,105
2024-09-20 10:50:15.843,425.3983500314951,104
2024-09-20 10:50:15.953,425.4139526654714,1001
2024-09-20 10:50:15.954,425.4153080311312,100
2024-09-20 10:50:15.991,425.3420619652623,105
2024-09-20 10:50:16.020,425.3779928112165,103
2024-09-20 10:50:16.033,425.40823309157054,1005
2024-09-20 10:50:16.035,425.3681134349361,1004
2024-09-20 10:50:16.095,425.3995503126229,105
2024-09-20 10:50:16.120,425.38479662640304,10
2024-09-20 10:50:16.157,425.3817969398143,6
2024-09-20 10:50:16.159,425.4016062160937,1000
2024-09-20 10:50:16.160,425.35962625103593,6
2024-09-20 10:50:16.181,425.3758098100013,9
2024-09-20 10:50:16.250,425.3923206333902,1003
2024-09-20 10:50:16.275,425.36799428162726,12
2024-09-20 10:50:16.286,425.40331851306223,99
2024-09-20 10:50:16.294,425.3509608034272,1003
2024-09-20 10:50:16.365,425.4195268645669,100
2024-09-20 10:50:16.382,425.4071432434392,5
2024-09-20 10:50:16.478,425.3965514237348,1001
2024-09-20 10:50:16.540,425.3955542012436,1000
2024-09-20 10:50:16.625,425.4045640751773,1004
2024-09-20 10:50:16.645,425.4119803789403,998
2024-09-20 10:50:16.701,425.38019073496224,1005
2024-09-20 10:50:16.710,425.3538779648905,1002
2024-09-20 10:50:16.793,425.3625061373263,995
2024-09-20 10:50:16.799,425.3635256351949,96
2024-09-20 10:50:16.930,425.418054718475,1004
2024-09-20 10:50:17.057,425.4228932657397,104
2024-09-20 10:50:17.061,,1004
2024-09-20 10:50:17.069,425.4483695108418,1002
2024-09-20 10:50:17.080,425.4483264044138,95
2024-09-20 10:50:17.110,425.4395387028961,101
2024-09-20 10:50:17.176,425.3893871319158,997
2024-09-20 10:50:17.228,425.35827480301793,1004
2024-09-20 10:50:17.237,425.4289311296715,98
2024-09-20 10:50:17.292,425.3635213417528,997
2024-09-20 10:50:17.309,425.40011235544296,995
2024-09-20 10:50:17.320,425.3930570027807,996
2024-09-20 10:50:17.356,425.4433333793641,996
2024-09-20 10:50:17.439,425.3835204722623,14
2024-09-20 10:50:17.454,425.4530919673911,6
2024-09-20 10:50:17.488,425.396317578671,1002
2024-09-20 10:50:17.533,425.387644338697,103
2024-09-20 10:50:17.625,425.3667038858952,998
2024-09-20 10:50:17.637,425.387322882602,8
2024-09-20 10:50:17.687,425.37923517671095,998
2024-09-20 10:50:17.988,425.42588318536406,102
2024-09-20 10:50:17.990,425.3942010995317,95
2024-09-20 10:50:18.141,425.45333121101714,8
2024-09-20 10:50:18.368,425.4397312803796,14
2024-09-20 10:50:18.428,425.4503823114397,14
2024-09-20 10:50:18.447,425.46262460414846,6
2024-09-20 10:50:18.585,425.4727640047805,997
2024-09-20 10:50:18.666,425.45364906261744,10
2024-09-20 10:50:18.726,425.4484515834922,95
2024-09-20 10:50:18.789,425.4860168151077,105
2024-09-20 10:50:19.060,425.4693638822752,9
2024-09-20 10:50:19.087,425.4496357446561,14
2024-09-20 10:50:19.252,425.4139638150588,9
2024-09-20 10:50:19.253,425.4384524164922,104
2024-09-20 10:50:19.264,425.4432871622513,98
2024-09-20 10:50:19.349,425.4897337170013,1002
2024-09-20 10:50:19.407,425.4205670966858,1005
2024-09-20 10:50:19.430,425.4993189432479,15
2024-09-20 10:50:19.432,425.4236708170089,9
2024-09-20 10:50:19.487,425.4246373593685,10
2024-09-20 10:50:19.535,425.4818020216698,995
2024-09-20 10:50:19.575,425.41285628074064,1000
2024-09-20 10:50:19.618,425.4410886797705,1003
2024-09-20 10:50:19.712,425.4895219171277,6
2024-09-20 10:50:19.782,42.54976984724709,6
2024-09-20 10:50:19.796,425.4344353104408,1005
2024-09-20 10:50:19.973,425.48251660500335,11
2024-09-20 10:50:19.994,425.4528241401145,999
2024-09-20 10:50:20.007,425.3809288983791,1003
2024-09-20 10:50:20.084,425.4006354121984,1003
2024-09-20 10:50:20.390,425.4270477819953,99
2024-09-20 10:50:20.419,425.3920035112305,97
2024-09-20 10:50:20.435,425.35941904961567,5
2024-09-20 10:50:20.438,425.3631594436007,8
2024-09-20 10:50:20.526,425.3605072278252,1004
2024-09-20 10:50:20.527,425.3571241652138,15
2024-09-20 10:50:20.691,425.3858460213798,11
2024-09-20 10:50:20.869,425.4180449212983,9
2024-09-20 10:50:20.874,425.37010156146863,995
2024-09-20 10:50:21.429,425.343603493331,103
2024-09-20 10:50:21.455,425.3387632866592,97
2024-09-20 10:50:21.527,425.3151703354236,1004
2024-09-20 10:50:21.530,425.33409820701866,8
2024-09-20 10:50:21.571,425.34136392963,98
2024-09-20 10:50:21.987,425.35422640004936,1005
2024-09-20 10:50:22.016,425.3342750232813,15
2024-09-20 10:50:22.077,425.315633763448,1000
2024-09-20 10:50:22.253,425.33937730960673,1003
2024-09-20 10:50:22.256,425.3342983988865,998
2024-09-20 10:50:22.283,425.35240652160815,1001
2024-09-20 10:50:22.332,425.3369168837293,999
2024-09-20 10:50:22.351,425.3614714564969,15
2024-09-20 10:50:22.388,425.33441938540005,95
2024-09-20 10:50:22.462,425.3429070781671,104
2024-09-20 10:50:22.465,425.32634644474825,102
2024-09-20 10:50:22.496,425.31559842818086,100
2024-09-20 10:50:22.694,425.3078416408192,12
2024-09-20 10:50:22.877,425.3479711876166,14
2024-09-20 10:50:22.920,,9
2024-09-20 10:50:22.946,425.3264744666024,12
2024-09-20 10:50:23.103,425.34523767381273,105
2024-09-20 10:50:23.157,425.3478636852842,13
2024-09-20 10:50:23.214,425.3436284493342,5
2024-09-20 10:50:23.238,425.3501163017261,102
2024-09-20 10:50:23.338,425.3324333571733,1004
2024-09-20 10:50:23.410,425.34883487821656,1004
2024-09-20 10:50:23.534,425.3392286934036,14
2024-09-20 10:50:23.634,425.3880628386876,7
2024-09-20 10:50:23.679,425.4014700422952,1005
2024-09-20 10:50:23.688,425.321255585536,104
2024-09-20 10:50:23.706,425.3646504989309,995
2024-09-20 10:50:23.735,425.33540799626496,102
2024-09-20 10:50:23.828,425.3683857907977,1005
2024-09-20 10:50:24.044,425.3852176608891,95
2024-09-20 10:50:24.063,425.3907084694966,1001
2024-09-20 10:50:24.128,425.3978635406633,103
2024-09-20 10:50:24.136,425.3865338062542,98
2024-09-20 10:50:24.164,425.4178772209693,1001
2024-09-20 10:50:24.285,425.3821029762114,99
2024-09-20 10:50:24.368,425.43647930423685,1003
2024-09-20 10:50:24.388,425.3986152602064,999
2024-09-20 10:50:24.414,425.4088000506219,1003
2024-09-20 10:50:24.452,425.43175658857336,98
2024-09-20 10:50:24.489,425.40988615487424,96
2024-09-20 10:50:24.523,425.4024348780353,1005
2024-09-20 10:50:24.529,425.3981870778947,12
2024-09-20 10:50:24.613,425.39380904789255,97
2024-09-20 10:50:24.699,425.4153891968685,15
2024-09-20 10:50:24.703,425.4142962069683,13
2024-09-20 10:50:24.723,425.3883748886724,995
2024-09-20 10:50:24.760,425.39648137160987,997
2024-09-20 10:50:24.764,-425.40634187632105,6
2024-09-20 10:50:24.811,425.3882681152135,101
2024-09-20 10:50:24.814,425.4014713328205,8
2024-09-20 10:50:24.866,425.3845387954038,15
2024-09-20 10:50:24.873,425.4212294562684,997
2024-09-20 10:50:24.907,42.54321859645896,1001
2024-09-20 10:50:24.911,425.3978457744584,99
2024-09-20 10:50:24.923,425.3926644183247,7
2024-09-20 10:50:24.991,425.3840381023544,996
2024-09-20 10:50:24.996,425.4168051692807,96
2024-09-20 10:50:25.036,425.4210853476714,9
2024-09-20 10:50:25.091,425.4122974085842,95
2024-09-20 10:50:25.099,425.4369110282356,5
2024-09-20 10:50:25.103,425.4046112089522,995
2024-09-20 10:50:25.251,425.41639108025606,105
2024-09-20 10:50:25.283,425.4179965956384,13
2024-09-20 10:50:25.396,425.4053317617864,999
2024-09-20 10:50:25.461,425.4176777595543,103
2024-09-20 10:50:25.486,425.4135900636653,6
2024-09-20 10:50:25.537,425.4235082646781,96
2024-09-20 10:50:25.594,425.4068178460568,12
2024-09-20 10:50:25.622,425.4184090367776,1004
2024-09-20 10:50:25.778,425.4326259062058,10
2024-09-20 10:50:25.822,425.42198503427534,15
2024-09-20 10:50:26.165,425.4060609983732,101
2024-09-20 10:50:26.430,425.3716148985024,13
2024-09-20 10:50:26.574,425.39769611104606,95
2024-09-20 10:50:26.617,425.41396714921217,101
2024-09-20 10:50:26.644,425.3888644364108,6
2024-09-20 10:50:26.863,425.4066175833228,996
2024-09-20 10:50:26.867,425.4066954632342,12
2024-09-20 10:50:26.877,425.40709237236143,7
2024-09-20 10:50:26.908,425.40983031891614,1000
2024-09-20 10:50:26.935,425.39874837932297,7
2024-09-20 10:50:26.938,425.4115382485109,996
2024-09-20 10:50:26.957,425.3812186773943,12
2024-09-20 10:50:27.057,425.3910097485911,95
2024-09-20 10:50:27.071,425.47102751189067,11
2024-09-20 10:50:27.092,425.49493437367965,99
2024-09-20 10:50:27.101,425.4100010021978,97
2024-09-20 10:50:27.102,425.4154422545724,995
2024-09-20 10:50:27.125,425.5018258170746,1003
2024-09-20 10:50:27.313,425.4853950127476,1002
2024-09-20 10:50:27.351,425.47110754467406,99
2024-09-20 10:50:27.471,425.44313324214846,96
2024-09-20 10:50:27.487,425.4696633813445,9
2024-09-20 10:50:27.492,425.421523497968,9
2024-09-20 10:50:27.512,425.4771760254248,998
2024-09-20 10:50:27.513,425.4980226688677,14
2024-09-20 10:50:27.557,425.4872298823703,999
2024-09-20 10:50:27.625,425.4250506173774,96
2024-09-20 10:50:27.650,425.4434357716917,996
2024-09-20 10:50:27.665,425.39120535742666,15
2024-09-20 10:50:27.665,425.3747905213186,998
2024-09-20 10:50:27.818,425.4862280189667,97
2024-09-20 10:50:27.865,-425.49939602744735,997
2024-09-20 10:50:27.895,425.4880123586869,996
2024-09-20 10:50:27.909,425.38148047323807,97
2024-09-20 10:50:28.029,425.4919391215977,8
2024-09-20 10:50:28.035,425.51863540662487,96
2024-09-20 10:50:28.076,425.51639464060287,9
2024-09-20 10:50:28.101,425.46100894655655,95
2024-09-20 10:50:28.145,425.46522409375456,1003
2024-09-20 10:50:28.179,425.4619872564431,998
2024-09-20 10:50:28.242,425.43607270472137,100
2024-09-20 10:50:28.305,425.48648628741256,10
2024-09-20 10:50:28.502,425.4746087052083,5
2024-09-20 10:50:28.648,425.46755361942746,98
2024-09-20 10:50:28.683,425.443781359595,995
2024-09-20 10:50:28.713,425.4615568097418,6
2024-09-20 10:50:28.723,425.4629216857583,7
2024-09-20 10:50:28.726,425.5292596648353,96
2024-09-20 10:50:28.823,425.5208801846943,11
2024-09-20 10:50:28.869,425.455897761781,99
2024-09-20 10:50:28.888,425.4685324939573,1004
2024-09-20 10:50:28.949,425.47684677371336,9
2024-09-20 10:50:29.009,425.4662612556147,1004
2024-09-20 10:50:29.047,425.4807195382539,105
2024-09-20 10:50:29.150,425.4675950971276,12
2024-09-20 10:50:29.195,425.4990437118392,998
2024-09-20 10:50:29.201,425.46435246930656,1001
2024-09-20 10:50:29.221,425.45165106587376,99
2024-09-20 10:50:29.222,425.4818337932864,5
2024-09-20 10:50:29.303,425.4938783693132,13
2024-09-20 10:50:29.383,425.487014994993,103
2024-09-20 10:50:29.491,425.489920929344,998
2024-09-20 10:50:29.580,425.48378964680586,11
2024-09-20 10:50:29.592,425.47091884025576,98
2024-09-20 10:50:29.642,425.48224857142014,1004
2024-09-20 10:50:29.647,425.4702128230691,14
2024-09-20 10:50:29.793,425.48195082390754,97
2024-09-20 10:50:29.848,425.462640234793,105
2024-09-20 10:50:29.878,425.47180167025806,14
2024-09-20 10:50:29.983,425.467486959554,10
2024-09-20 10:50:30.151,425.5592022449972,6
2024-09-20 10:50:30.399,425.5412175853152,995
2024-09-20 10:50:30.438,425.5287910116591,15
2024-09-20 10:50:30.531,425.6054617688723,13
2024-09-20 10:50:30.544,425.6255565474469,1003
2024-09-20 10:50:30.613,425.5621787166454,98
2024-09-20 10:50:30.655,425.5564134716272,14
2024-09-20 10:50:30.687,425.5261103984012,1002
2024-09-20 10:50:30.855,425.6024723794884,101
2024-09-20 10:50:30.879,425.54687306420254,14
2024-09-20 10:50:30.937,425.5824225646315,105
2024-09-20 10:50:30.956,425.52371202636033,98
2024-09-20 10:50:30.991,425.62065744876,1003
2024-09-20 10:50:31.040,425.6534256278103,105
2024-09-20 10:50:31.049,425.6269246007514,95
2024-09-20 10:50:31.088,425.696126038078,9
2024-09-20 10:50:31.126,425.6510184192463,997
2024-09-20 10:50:31.197,425.6680678815799,11
2024-09-20 10:50:31.251,425.6385883742013,998
2024-09-20 10:50:31.278,425.651602118328,6
2024-09-20 10:50:31.293,425.6904441527223,101
2024-09-20 10:50:31.307,425.62460986703184,1002
2024-09-20 10:50:31.369,425.6843035061124,99
2024-09-20 10:50:31.405,425.6942947185373,95
2024-09-20 10:50:31.417,425.6823797801718,1001
2024-09-20 10:50:31.466,425.6585073923295,1002
2024-09-20 10:50:31.508,425.6171125335414,95
2024-09-20 10:50:31.608,425.64757511089306,99
2024-09-20 10:50:31.634,425.66389745545433,996
2024-09-20 10:50:31.776,425.6191412239418,97
2024-09-20 10:50:31.797,425.6373392308054,103
2024-09-20 10:50:31.827,425.63516121954177,7
2024-09-20 10:50:31.849,425.6162779474697,9
2024-09-20 10:50:31.953,425.6124367366287,103
2024-09-20 10:50:31.994,425.655514899353,1003
2024-09-20 10:50:32.199,425.6662002298857,99
2024-09-20 10:50:32.339,425.6524932684235,5
2024-09-20 10:50:32.352,425.6863122444488,105
2024-09-20 10:50:32.393,425.6624621049885,103
2024-09-20 10:50:32.453,425.6660953134064,6
2024-09-20 10:50:32.808,425.6861742766585,103
2024-09-20 10:50:32.905,425.676138739458,998
2024-09-20 10:50:33.077,425.6373031590879,1003
2024-09-20 10:50:33.202,425.6576136326024,13
2024-09-20 10:50:33.354,425.6841569151438,1002
2024-09-20 10:50:33.509,425.6691615251715,11
2024-09-20 10:50:33.767,425.6641233834817,97
2024-09-20 10:50:33.784,425.6753232550032,12
2024-09-20 10:50:33.879,425.74315983608494,100
2024-09-20 10:50:33.880,425.6356002663881,1003
2024-09-20 10:50:33.907,425.7355393567484,97
2024-09-20 10:50:33.923,42.56359283620024,15
2024-09-20 10:50:33.989,425.6896683200524,15
2024-09-20 10:50:34.113,425.7684629120783,995
2024-09-20 10:50:34.834,425.7566910062877,103
2024-09-20 10:50:34.859,425.78470419291193,102
2024-09-20 10:50:35.054,425.7919290925447,15
2024-09-20 10:50:35.150,425.7963232915508,101
2024-09-20 10:50:35.206,425.7920539352369,12
2024-09-20 10:50:35.215,425.7680871250544,1003
2024-09-20 10:50:35.379,425.769515628378,1000
2024-09-20 10:50:35.573,425.8131279163129,101
2024-09-20 10:50:35.738,425.8095332251983,95
2024-09-20 10:50:35.768,425.763441369518,14
2024-09-20 10:50:35.796,425.79343802665926,8
2024-09-20 10:50:35.830,425.78212364210697,1000
2024-09-20 10:50:35.925,425.7882058719889,7
2024-09-20 10:50:37.007,425.75396123146834,995
2024-09-20 10:50:37.079,425.7761942066933,12
2024-09-20 10:50:37.442,425.770495159675,11
2024-09-20 10:50:37.650,425.7693884177585,13
2024-09-20 10:50:38.020,42.58057681157705,105
2024-09-20 10:50:38.035,425.75501116712286,101
2024-09-20 10:50:38.047,425.7502740440372,9
2024-09-20 10:50:38.058,425.7859339047218,7
2024-09-20 10:50:38.096,425.7415672038384,9
2024-09-20 10:50:38.127,425.7885115720829,9
2024-09-20 10:50:38.128,425.79098210647606,995
2024-09-20 10:50:38.201,425.8537582961815,12
2024-09-20 10:50:38.211,425.7613941004148,999
2024-09-20 10:50:38.278,425.7883008861805,11
2024-09-20 10:50:38.328,425.773728944654,95
2024-09-20 10:50:38.393,425.80321924385225,1000
2024-09-20 10:50:38.434,425.7621715367719,11
2024-09-20 10:50:38.545,425.79687792956366,7
2024-09-20 10:50:38.609,425.839287353644,6
2024-09-20 10:50:38.617,425.8153526064451,102
2024-09-20 10:50:38.671,425.83589373053553,9
2024-09-20 10:50:38.696,425.81947243327096,101
2024-09-20 10:50:38.799,425.7519133108108,100
2024-09-20 10:50:38.883,425.75449952291495,13
2024-09-20 10:50:38.887,425.7705209961611,95
2024-09-20 10:50:38.937,425.8657635950863,96
2024-09-20 10:50:38.975,425.7613759372511,97
2024-09-20 10:50:38.987,425.82060781108896,102
2024-09-20 10:50:38.997,425.7706587169602,95
2024-09-20 10:50:39.109,425.866556229076,104
2024-09-20 10:50:39.581,425.8587663874351,999
2024-09-20 10:50:39.697,425.85929157652026,1001
2024-09-20 10:50:40.032,425.8959775623661,100
2024-09-20 10:50:40.155,425.8373211499488,998
2024-09-20 10:50:40.285,425.8308970038126,104
2024-09-20 10:50:40.373,425.8732410873477,10
2024-09-20 10:50:40.376,425.9058179937235,104
2024-09-20 10:50:40.427,425.8465701395198,100
2024-09-20 10:50:40.436,425.8557412076558,7
2024-09-20 10:50:40.531,425.8939760728501,1000
2024-09-20 10:50:40.570,425.8729675945594,1001
2024-09-20 10:50:40.614,425.8898775892374,104
2024-09-20 10:50:40.617,425.8530508947081,98
2024-09-20 10:50:40.628,425.8572462370285,14
2024-09-20 10:50:40.711,425.8335108841253,9
2024-09-20 10:50:40.781,425.8624565679918,1004
2024-09-20 10:50:40.982,425.8924143667568,5
2024-09-20 10:50:41.011,425.86723646133976,995
2024-09-20 10:50:41.121,425.8472534319786,9
2024-09-20 10:50:41.170,425.80816686215496,11
2024-09-20 10:50:41.266,425.8304983612833,96
2024-09-20 10:50:41.294,425.8148984931125,8
2024-09-20 10:50:41.370,425.8650110995434,14
2024-09-20 10:50:41.398,425.8623318991064,7
2024-09-20 10:50:41.459,425.867112751733,105
2024-09-20 10:50:41.502,425.85291456698445,998
2024-09-20 10:50:41.564,425.8260789987492,998
2024-09-20 10:50:41.579,425.8331517943217,105
2024-09-20 10:50:41.581,425.8600959330184,105
2024-09-20 10:50:41.602,425.8506500038878,105
2024-09-20 10:50:41.617,425.83486832037767,999
2024-09-20 10:50:41.633,425.8296568106212,99
2024-09-20 10:50:41.660,-425.82778792112526,97
2024-09-20 10:50:41.684,425.83616095750045,102
2024-09-20 10:50:41.687,425.8446501786823,12
2024-09-20 10:50:41.715,425.8501104884344,103
2024-09-20 10:50:41.720,425.8576076729037,97
2024-09-20 10:50:41.766,425.845812916968,1001
2024-09-20 10:50:41.806,425.849848518678,1002
2024-09-20 10:50:41.923,425.8150472299921,1001
2024-09-20 10:50:41.962,425.8314970679749,1003
2024-09-20 10:50:42.021,425.7963365990876,1000
2024-09-20 10:50:42.116,425.8966083990543,1004
2024-09-20 10:50:42.149,425.862096239155,998
2024-09-20 10:50:42.203,425.8380105338519,11
2024-09-20 10:50:42.334,425.8352920134718,7
2024-09-20 10:50:42.360,425.8512881446868,103
2024-09-20 10:50:42.412,425.8248228286816,12
2024-09-20 10:50:42.433,425.8347856766429,1001
2024-09-20 10:50:42.682,425.8234122154899,98
2024-09-20 10:50:42.689,425.80414004267067,15
2024-09-20 10:50:42.786,425.8825240133692,1002
2024-09-20 10:50:42.824,42.58484069535146,1001
2024-09-20 10:50:42.831,425.80913964142303,10
2024-09-20 10:50:42.838,425.85447668414616,97
2024-09-20 10:50:42.846,425.867003136105,996
2024-09-20 10:50:42.863,425.87029851219415,104
2024-09-20 10:50:42.863,425.81633511580986,99
2024-09-20 10:50:42.889,425.8569965916579,996
2024-09-20 10:50:43.042,425.8575884797743,998
2024-09-20 10:50:43.058,425.7852180187442,1004
2024-09-20 10:50:43.118,425.880259070405,7
2024-09-20 10:50:43.130,425.78916584742046,1004
2024-09-20 10:50:43.135,425.8458503341272,102
2024-09-20 10:50:43.242,425.7238969999216,99
2024-09-20 10:50:43.253,425.8129304996472,96
2024-09-20 10:50:43.258,425.7231141370918,12
2024-09-20 10:50:43.283,425.7898618405632,998
2024-09-20 10:50:43.304,425.7377230476824,99
2024-09-20 10:50:43.375,425.7779499014261,1002
2024-09-20 10:50:43.510,425.84043272018096,10
2024-09-20 10:50:43.526,425.7837827680726,98
2024-09-20 10:50:43.531,425.73265353119695,105
2024-09-20 10:50:43.613,425.7745378930337,998
2024-09-20 10:50:43.669,425.7368414269044,6
2024-09-20 10:50:43.802,425.8405549699082,95
2024-09-20 10:50:43.989,425.7947440146236,998
2024-09-20 10:50:44.057,425.761222845,997
2024-09-20 10:50:44.081,425.7727458034588,1004
2024-09-20 10:50:44.101,425.7261768548621,98
2024-09-20 10:50:44.101,425.74146364278914,1003
2024-09-20 10:50:44.130,425.7696930077933,997
2024-09-20 10:50:44.149,425.7679835321695,7
2024-09-20 10:50:44.173,425.7727742569404,5
2024-09-20 10:50:44.206,425.7502742424634,13
2024-09-20 10:50:44.227,425.77479495721656,1004
2024-09-20 10:50:44.237,425.72993990121415,1003
2024-09-20 10:50:44.277,425.77281998892187,998
2024-09-20 10:50:44.320,425.7431715081329,5
2024-09-20 10:50:44.357,42.57491153730589,103
2024-09-20 10:50:44.371,425.76632639418654,7
2024-09-20 10:50:44.415,425.786384398259,104
2024-09-20 10:50:44.474,425.7303967660203,5
2024-09-20 10:50:44.483,425.7169311644607,998
2024-09-20 10:50:44.532,425.736846274041,1001
2024-09-20 10:50:44.661,425.7241120159964,1001
2024-09-20 10:50:44.861,425.7228993521461,104
2024-09-20 10:50:44.874,425.7147199035792,1001
2024-09-20 10:50:44.897,425.7642177310594,10
2024-09-20 10:50:44.910,425.76788409706336,14
2024-09-20 10:50:44.938,425.7133686436983,96
2024-09-20 10:50:44.988,425.7632518072025,7
2024-09-20 10:50:45.089,425.86016496980415,12
2024-09-20 10:50:45.140,425.7917499930855,96
2024-09-20 10:50:45.191,425.84666087444816,105
2024-09-20 10:50:45.194,425.91640559798685,102
2024-09-20 10:50:45.197,425.8942582597908,11
2024-09-20 10:50:45.239,425.8436006646416,1005
2024-09-20 10:50:45.239,425.8913595044215,96
2024-09-20 10:50:45.363,425.9257095211539,8
2024-09-20 10:50:45.411,425.9342819415439,12
2024-09-20 10:50:45.514,425.81863294220136,5
2024-09-20 10:50:45.542,425.93628326771295,1004
2024-09-20 10:50:45.542,425.8770208020207,15
2024-09-20 10:50:45.589,425.9046071085435,5
2024-09-20 10:50:45.647,425.8514296543382,97
2024-09-20 10:50:45.816,425.9296615034313,995
2024-09-20 10:50:45.919,425.8478417648351,5
2024-09-20 10:50:45.956,425.8935649086482,997
2024-09-20 10:50:45.998,425.86906488063903,1000
2024-09-20 10:50:46.615,425.9448272530268,95
2024-09-20 10:50:46.899,425.96164916271584,101
2024-09-20 10:50:47.047,425.95301099262326,7
2024-09-20 10:50:47.137,425.9554404708617,103
2024-09-20 10:50:47.176,425.95140508461554,13
2024-09-20 10:50:47.301,425.9346111916259,5
2024-09-20 10:50:47.381,425.9757141862964,995
2024-09-20 10:50:47.444,425.9806736378156,103
2024-09-20 10:50:47.461,425.9289510568846,997
2024-09-20 10:50:47.532,425.9922776655358,1001
2024-09-20 10:50:47.545,425.94061990128114,100
2024-09-20 10:50:47.575,425.965068597122,1002
2024-09-20 10:50:47.638,425.9840395327977,105
2024-09-20 10:50:47.667,425.9281830218619,998
2024-09-20 10:50:47.773,425.9339068784388,15
2024-09-20 10:50:47.926,425.962421006921,5
2024-09-20 10:50:47.961,425.97678503890506,98
2024-09-20 10:50:48.165,425.9156710710421,6
2024-09-20 10:50:48.387,425.9076345567266,95
2024-09-20 10:50:48.427,425.9389348211179,98
2024-09-20 10:50:48.513,425.9201453306456,999
2024-09-20 10:50:48.648,425.9362112034893,9
2024-09-20 10:50:48.965,425.92671603255206,12
2024-09-20 10:50:49.543,425.9276438370381,996
2024-09-20 10:50:49.675,425.9170524749591,105
2024-09-20 10:50:49.932,425.935044983167,98
2024-09-20 10:50:49.971,425.9319070756147,7
2024-09-20 10:50:50.222,425.9776749330908,9
2024-09-20 10:50:50.236,425.9642137914722,7
2024-09-20 10:50:50.236,425.97892680265073,101
2024-09-20 10:50:50.247,425.97577099340447,1000
2024-09-20 10:50:50.271,425.9475399967626,102
2024-09-20 10:50:50.276,425.9608691708135,104
2024-09-20 10:50:50.428,425.9710595967022,100
2024-09-20 10:50:50.449,425.9823282377076,1002
2024-09-20 10:50:50.454,425.9835331985813,96
2024-09-20 10:50:50.585,425.9918784331461,999
2024-09-20 10:50:50.596,425.95933008772414,999
2024-09-20 10:50:50.626,425.9491721407349,1005
2024-09-20 10:50:50.638,425.9810389707437,105
2024-09-20 10:50:50.736,425.9547027883433,1005
2024-09-20 10:50:50.737,425.9461315534352,5
2024-09-20 10:50:50.768,426.00074035658224,13
2024-09-20 10:50:50.843,425.9577348858793,996
2024-09-20 10:50:50.906,425.9538508162049,100
2024-09-20 10:50:50.932,425.963853045766,96
2024-09-20 10:50:50.941,425.9494976543815,1001
2024-09-20 10:50:51.087,425.9371553874101,105
2024-09-20 10:50:51.105,425.9898413894604,96
2024-09-20 10:50:51.108,425.96761687416847,97
2024-09-20 10:50:51.112,425.9344569013599,12
2024-09-20 10:50:51.143,425.9625018060936,100
2024-09-20 10:50:51.145,425.9529696941681,8
2024-09-20 10:50:51.156,425.93413668139885,5
2024-09-20 10:50:51.239,425.9583686763026,100
2024-09-20 10:50:51.288,425.95123287940174,1001
2024-09-20 10:50:51.299,425.97871504263264,8
2024-09-20 10:50:51.309,425.97390676670807,99
2024-09-20 10:50:51.333,425.9670988253102,95
2024-09-20 10:50:51.391,425.9733093938183,1001
2024-09-20 10:50:51.397,425.9647954495098,995
2024-09-20 10:50:51.408,425.93056137614246,14
2024-09-20 10:50:51.421,425.9161808357237,104
2024-09-20 10:50:51.483,425.97990560434505,1002
2024-09-20 10:50:51.499,425.94793424036834,1003
2024-09-20 10:50:51.502,425.9763561508371,101
2024-09-20 10:50:51.552,425.9824138407087,102
2024-09-20 10:50:51.578,425.95842812168905,1002
2024-09-20 10:50:51.604,425.9411929941764,101
2024-09-20 10:50:51.675,42.594848669548455,1005
2024-09-20 10:50:51.696,425.9802167827292,995
2024-09-20 10:50:51.787,425.9405878315541,105
2024-09-20 10:50:51.805,425.9428790163464,14
2024-09-20 10:50:51.860,425.9807784066265,997
2024-09-20 10:50:51.873,425.9608735793568,11
2024-09-20 10:50:51.996,425.97061566954,1002
2024-09-20 10:50:52.016,425.8622881134942,997
2024-09-20 10:50:52.133,425.880649256246,1002
2024-09-20 10:50:52.252,425.9283724350457,12
2024-09-20 10:50:52.272,425.8706829819578,95
2024-09-20 10:50:52.284,425.8865352071523,8
2024-09-20 10:50:52.397,425.89055060772864,104
2024-09-20 10:50:52.406,425.8826952124604,7
2024-09-20 10:50:52.461,425.9143998083051,15
2024-09-20 10:50:52.484,425.9719134529259,5
2024-09-20 10:50:52.561,425.8635723136171,6
2024-09-20 10:50:52.567,425.85188389042565,1004
2024-09-20 10:50:52.598,425.9157207063613,7
2024-09-20 10:50:52.757,425.9536992858415,102
2024-09-20 10:50:52.802,425.8642957760922,105
2024-09-20 10:50:52.829,425.854255347994,97
2024-09-20 10:50:52.838,425.8735081905979,95
2024-09-20 10:50:52.872,425.910035293032,104
2024-09-20 10:50:52.884,425.8559793782149,103
2024-09-20 10:50:52.968,425.8754921654291,1005
2024-09-20 10:50:53.044,425.8949399051938,996
2024-09-20 10:50:53.080,425.9082446140508,996
2024-09-20 10:50:53.124,-425.8754693791181,10
2024-09-20 10:50:53.186,425.8706776235079,12
2024-09-20 10:50:53.223,425.9001907912889,96
2024-09-20 10:50:53.235,425.8769179512005,996
2024-09-20 10:50:53.242,425.89184780677977,13
2024-09-20 10:50:53.290,425.88931734510174,998
2024-09-20 10:50:53.312,425.90539003508246,1004
2024-09-20 10:50:53.442,425.8983699067149,1004
2024-09-20 10:50:53.474,425.8861121316824,105
2024-09-20 10:50:53.485,425.8954455805377,9
2024-09-20 10:50:53.510,425.9105113906974,999
2024-09-20 10:50:53.516,425.8957393221946,999
2024-09-20 10:50:53.552,425.894959590236,9
2024-09-20 10:50:53.647,-425.8752458292186,1005
2024-09-20 10:50:53.709,425.8897195532205,996
2024-09-20 10:50:53.716,425.89745770829023,1002
2024-09-20 10:50:53.743,425.887609181364,98
2024-09-20 10:50:53.762,425.8983105956517,1005
2024-09-20 10:50:53.799,425.9190629941217,1004
2024-09-20 10:50:53.920,425.9018971290017,14
2024-09-20 10:50:53.947,425.8866614594539,1000
2024-09-20 10:50:53.968,425.8799927956484,5
2024-09-20 10:50:53.983,425.894827937837,104
2024-09-20 10:50:54.002,425.8794169771385,104
2024-09-20 10:50:54.017,425.8619722233847,103
2024-09-20 10:50:54.080,425.8556788332453,15
2024-09-20 10:50:54.181,425.8048386286531,997
2024-09-20 10:50:54.188,425.8940527262785,8
2024-09-20 10:50:54.205,425.85801829347497,9
2024-09-20 10:50:54.213,425.814224193966,10
2024-09-20 10:50:54.235,425.8578687336572,1005
2024-09-20 10:50:54.264,425.8649087490403,14
2024-09-20 10:50:54.268,425.8759553642094,13
2024-09-20 10:50:54.358,425.8776427540581,97
2024-09-20 10:50:54.383,425.8451975381205,14
2024-09-20 10:50:54.441,425.8713865378775,9
2024-09-20 10:50:54.458,425.82785617769,98
2024-09-20 10:50:54.519,425.8985860718776,103
2024-09-20 10:50:54.536,425.8985493489647,13
2024-09-20 10:50:54.644,425.8870007458064,100
2024-09-20 10:50:54.648,425.8737139214966,998
2024-09-20 10:50:54.655,425.8624957433022,104
2024-09-20 10:50:54.702,425.8769700752953,6
2024-09-20 10:50:54.796,425.8553811398631,15
2024-09-20 10:50:54.836,425.8808831174114,1003
2024-09-20 10:50:54.877,425.8560974863156,101
2024-09-20 10:50:54.884,425.8197291866477,7
2024-09-20 10:50:54.902,425.8375661265802,100
2024-09-20 10:50:54.916,425.8816511777015,997
2024-09-20 10:50:54.979,425.8118540934929,1002
2024-09-20 10:50:54.986,425.8783984126064,15
2024-09-20 10:50:55.004,425.87468455681767,100
2024-09-20 10:50:55.052,425.9013008846671,11
2024-09-20 10:50:55.059,425.8157714169244,104
2024-09-20 10:50:55.108,425.8255400682645,10
2024-09-20 10:50:55.113,425.8695778607259,1005
2024-09-20 10:50:55.267,425.801521320766,1003
2024-09-20 10:50:55.304,425.7994676038575,98
2024-09-20 10:50:55.313,425.7950513858903,15
2024-09-20 10:50:55.371,425.8839254742116,1000
2024-09-20 10:50:55.495,425.796789318328,1004
2024-09-20 10:50:55.505,425.8051992472562,6
2024-09-20 10:50:55.511,425.7967732386462,97
2024-09-20 10:50:55.514,425.7995411175679,1003
2024-09-20 10:50:55.582,425.8090565946457,15
2024-09-20 10:50:55.631,425.8208943236668,6
2024-09-20 10:50:55.672,425.7992814381512,1003
2024-09-20 10:50:55.752,425.8198402521735,1004
2024-09-20 10:50:55.809,425.84121779915,11
2024-09-20 10:50:55.810,425.8725646579691,13
2024-09-20 10:50:55.813,425.8709081864907,12
2024-09-20 10:50:55.819,425.8795299068245,100
2024-09-20 10:50:55.873,425.8846882733233,998
2024-09-20 10:50:55.955,425.84320342548153,98
2024-09-20 10:50:57.081,425.9335004722218,1004
2024-09-20 10:50:57.143,425.9174887997876,6
2024-09-20 10:50:57.166,425.9293054899178,1001
2024-09-20 10:50:57.220,425.8958835356914,105
2024-09-20 10:50:57.233,425.9109834810892,998
2024-09-20 10:50:57.236,425.8934289264548,105
2024-09-20 10:50:57.433,425.89722114735446,10
2024-09-20 10:50:57.564,425.92295494436047,100
2024-09-20 10:50:57.609,425.92292687696175,1002
2024-09-20 10:50:57.965,425.8724322870785,1003
2024-09-20 10:50:58.006,425.8910713813821,997
2024-09-20 10:50:58.043,425.9110035202936,6
2024-09-20 10:50:58.048,425.8570607962674,8
2024-09-20 10:50:58.203,425.8965940686562,15
2024-09-20 10:50:58.219,425.89493176962594,6
2024-09-20 10:50:58.236,,13
2024-09-20 10:50:58.283,425.8880740698317,1000
2024-09-20 10:50:58.307,425.8868848451907,1003
2024-09-20 10:50:58.311,425.8857657165353,999
2024-09-20 10:50:58.370,425.9043724999666,100
2024-09-20 10:50:58.404,425.89204279855824,12
2024-09-20 10:50:58.407,425.8991091318351,996
2024-09-20 10:50:58.410,425.8952708049914,97
2024-09-20 10:50:58.459,425.9165574100218,104
2024-09-20 10:50:58.465,425.8734776840247,1002
2024-09-20 10:50:58.476,-425.8661948309288,100
2024-09-20 10:50:58.559,425.8792727909759,998
2024-09-20 10:50:58.612,425.8806402042781,1000
2024-09-20 10:50:58.659,425.8878867068453,99
2024-09-20 10:50:58.700,425.8954209281708,8
2024-09-20 10:50:58.836,425.8629123550705,13
2024-09-20 10:50:58.900,425.8661615825063,12
2024-09-20 10:50:58.906,425.88976700974126,1000
2024-09-20 10:50:58.908,425.8693265301606,13
2024-09-20 10:50:59.050,425.9372988403565,1000
2024-09-20 10:50:59.062,425.9258114143968,1002
2024-09-20 10:50:59.138,425.90877676543766,1005
2024-09-20 10:50:59.194,425.8424398183521,101
2024-09-20 10:50:59.203,425.8458174217748,104
2024-09-20 10:50:59.203,425.9100354896101,998
2024-09-20 10:50:59.231,425.9253335883948,1002
2024-09-20 10:50:59.244,425.91843939685145,104
2024-09-20 10:50:59.265,425.9348395538811,12
2024-09-20 10:50:59.271,425.9333888258623,95
2024-09-20 10:50:59.384,426.00879324947056,95
2024-09-20 10:50:59.466,425.9329516679304,97
2024-09-20 10:50:59.475,425.92200455350417,95
2024-09-20 10:50:59.506,425.9753660457272,11
2024-09-20 10:50:59.557,425.97600272547584,1004
2024-09-20 10:50:59.653,425.9187157747205,7
2024-09-20 10:50:59.690,425.884178945314,1005
2024-09-20 10:50:59.700,425.8561074520165,105
2024-09-20 10:50:59.703,425.8774255016082,101
2024-09-20 10:50:59.833,425.9282700729409,103
2024-09-20 10:50:59.834,426.0039487550234,99
2024-09-20 10:50:59.856,425.87976277900367,104
2024-09-20 10:50:59.889,425.9294705461456,1002
2024-09-20 10:50:59.935,42.5938493029117,104
2024-09-20 10:50:59.949,425.9952107183975,1002
