Timestamp,Price,Size
2024-09-20 11:34:00.355,426.8404766371346,999
2024-09-20 11:34:00.396,426.8466566387536,104
2024-09-20 11:34:00.498,426.83864769647226,5
2024-09-20 11:34:00.681,426.8285228251213,104
2024-09-20 11:34:00.733,426.8591771785126,15
2024-09-20 11:34:00.916,426.8295883407509,14
2024-09-20 11:34:00.939,426.8349214303303,11
2024-09-20 11:34:00.979,426.84021209561297,104
2024-09-20 11:34:01.014,426.8671295732236,13
2024-09-20 11:34:01.035,426.8557046716836,99
2024-09-20 11:34:01.139,426.8414389542765,15
2024-09-20 11:34:01.140,426.8109608527079,12
2024-09-20 11:34:01.199,426.858988580197,10
2024-09-20 11:34:01.209,426.80768645918977,5
2024-09-20 11:34:01.299,426.8077505548672,105
2024-09-20 11:34:01.316,426.8451672022385,104
2024-09-20 11:34:01.485,426.850432860095,8
2024-09-20 11:34:01.525,426.8097891791144,8
2024-09-20 11:34:01.536,426.8673930758106,105
2024-09-20 11:34:01.631,426.7907011497688,14
2024-09-20 11:34:01.672,426.85874929984095,8
2024-09-20 11:34:01.681,426.83469407205473,104
2024-09-20 11:34:01.702,426.8349082961364,1001
2024-09-20 11:34:01.718,426.8237411020572,6
2024-09-20 11:34:01.726,426.8478910801109,101
2024-09-20 11:34:01.762,426.8143712961293,1003
2024-09-20 11:34:01.767,426.8429374568285,9
2024-09-20 11:34:01.776,426.7893329271633,1002
2024-09-20 11:34:01.784,426.8538378051555,95
2024-09-20 11:34:01.902,426.79313571653233,12
2024-09-20 11:34:01.915,426.842018119508,7
2024-09-20 11:34:01.980,426.8562629688146,997
2024-09-20 11:34:02.003,426.8252559675047,10
2024-09-20 11:34:02.033,426.8264675258851,1005
2024-09-20 11:34:02.046,426.81449717890143,100
2024-09-20 11:34:02.055,426.7482437834217,1004
2024-09-20 11:34:02.088,426.8220977406712,95
2024-09-20 11:34:02.126,426.7989319919458,98
2024-09-20 11:34:02.141,426.761121031313,15
2024-09-20 11:34:02.149,426.8206296379884,12
2024-09-20 11:34:02.163,426.80408273258126,1004
2024-09-20 11:34:02.179,426.8408000707059,6
2024-09-20 11:34:02.210,426.8080637633861,9
2024-09-20 11:34:02.223,426.77959080131575,1002
2024-09-20 11:34:02.226,426.7853028415224,11
2024-09-20 11:34:02.264,426.8459033539935,9
2024-09-20 11:34:02.335,426.8383813604652,10
2024-09-20 11:34:02.485,426.7836010436207,105
2024-09-20 11:34:02.548,426.8063969503782,997
2024-09-20 11:34:02.614,426.7903308019141,96
2024-09-20 11:34:02.709,426.8018808993282,1001
2024-09-20 11:34:02.726,426.79796596352327,103
2024-09-20 11:34:02.734,426.80373058729896,5
2024-09-20 11:34:02.805,426.7954298522228,1001
2024-09-20 11:34:02.850,426.7985316859871,13
2024-09-20 11:34:02.891,426.8417333024653,999
2024-09-20 11:34:02.892,426.83656466731145,8
2024-09-20 11:34:02.914,426.82916804902544,12
2024-09-20 11:34:02.928,426.8099839382152,5
2024-09-20 11:34:03.036,426.7571419497321,996
2024-09-20 11:34:03.104,426.7648018317448,1004
2024-09-20 11:34:03.131,426.76716856741257,97
2024-09-20 11:34:03.639,426.7590867794825,15
2024-09-20 11:34:03.700,426.7523855839095,14
2024-09-20 11:34:04.233,426.7263525046394,1000
2024-09-20 11:34:04.653,426.7393068528205,9
2024-09-20 11:34:04.981,426.747797094457,998
2024-09-20 11:34:05.018,426.7961385852319,996
2024-09-20 11:34:05.031,426.79716290421175,1004
2024-09-20 11:34:05.036,426.8071746632349,99
2024-09-20 11:34:05.080,426.82772966216857,102
2024-09-20 11:34:05.094,426.77336093920167,1004
2024-09-20 11:34:05.131,426.85601468448334,1000
2024-09-20 11:34:05.208,426.7940835822069,101
2024-09-20 11:34:05.255,426.7915398563465,98
2024-09-20 11:34:05.256,426.7923762234691,13
2024-09-20 11:34:05.291,426.8259253070022,97
2024-09-20 11:34:05.343,426.7653443895964,996
2024-09-20 11:34:05.355,426.7729535274469,8
2024-09-20 11:34:05.359,426.8273344382268,98
2024-09-20 11:34:05.360,426.7614143346028,99
2024-09-20 11:34:05.415,426.7385025045338,999
2024-09-20 11:34:05.478,426.7995311664666,1002
2024-09-20 11:34:05.537,426.81360574666223,105
2024-09-20 11:34:05.550,426.78662566942256,997
2024-09-20 11:34:05.612,426.7619106157589,999
2024-09-20 11:34:05.617,426.79559069823534,95
2024-09-20 11:34:05.651,426.83605135486846,101
2024-09-20 11:34:05.774,426.8321820483654,13
2024-09-20 11:34:05.798,426.8166501163148,96
2024-09-20 11:34:05.858,426.7528006935254,5
2024-09-20 11:34:05.965,426.8073241379557,104
2024-09-20 11:34:05.980,426.80817038244817,1004
2024-09-20 11:34:06.013,426.75770963026497,1004
2024-09-20 11:34:06.021,426.7630312498666,996
2024-09-20 11:34:06.060,,105
2024-09-20 11:34:06.071,426.84500115137786,104
2024-09-20 11:34:06.079,426.8236575055776,1000
2024-09-20 11:34:06.125,426.8353377904488,14
2024-09-20 11:34:06.182,426.7626147564336,13
2024-09-20 11:34:06.213,426.7539403229141,13
2024-09-20 11:34:06.286,426.8132197770676,9
2024-09-20 11:34:06.294,426.7952686373157,6
2024-09-20 11:34:06.294,426.7802556877799,999
2024-09-20 11:34:06.318,426.8193516656702,7
2024-09-20 11:34:06.460,426.827702318016,6
2024-09-20 11:34:06.531,426.80783486953857,1002
2024-09-20 11:34:06.617,426.748518307693,1001
2024-09-20 11:34:06.643,426.81227531816165,95
2024-09-20 11:34:06.704,426.8107855345256,7
2024-09-20 11:34:06.723,426.8201890120421,104
2024-09-20 11:34:06.742,426.7533242794415,998
2024-09-20 11:34:06.760,426.8097256913079,9
2024-09-20 11:34:06.794,426.8209954734645,98
2024-09-20 11:34:06.867,426.7754104355708,7
2024-09-20 11:34:06.907,426.74445183539245,100
2024-09-20 11:34:06.917,426.7854651582543,12
2024-09-20 11:34:06.921,426.8397409316448,997
2024-09-20 11:34:06.956,426.762760251289,103
2024-09-20 11:34:06.981,426.8230345102013,7
2024-09-20 11:34:07.164,426.7793802964728,97
2024-09-20 11:34:07.186,426.7528182760484,1002
2024-09-20 11:34:07.247,426.7794547967442,1001
2024-09-20 11:34:07.343,426.7364325609722,999
2024-09-20 11:34:07.592,426.7435292704533,999
2024-09-20 11:34:07.655,426.7560097529105,105
2024-09-20 11:34:07.825,426.7851816438711,1003
2024-09-20 11:34:07.871,426.7550068883183,105
2024-09-20 11:34:08.026,426.8109997773636,5
2024-09-20 11:34:08.174,426.8310533235179,100
2024-09-20 11:34:08.243,426.8301965241968,95
2024-09-20 11:34:08.270,426.7602589815227,95
2024-09-20 11:34:08.278,426.84646500123256,1003
2024-09-20 11:34:08.334,426.835624890323,1004
2024-09-20 11:34:08.351,426.7654785283455,1001
2024-09-20 11:34:08.352,426.8431392860827,105
2024-09-20 11:34:08.383,426.8227809567548,8
2024-09-20 11:34:08.440,426.7762056291495,1005
2024-09-20 11:34:08.519,426.8054342441265,995
2024-09-20 11:34:08.524,426.812115774297,1000
2024-09-20 11:34:08.532,426.8040629634998,7
2024-09-20 11:34:08.538,426.8455597942994,7
2024-09-20 11:34:08.549,426.8512055191282,1003
2024-09-20 11:34:08.566,,14
2024-09-20 11:34:08.612,426.79333739488175,13
2024-09-20 11:34:08.633,426.8324169621668,101
2024-09-20 11:34:08.683,426.7704371109344,998
2024-09-20 11:34:08.758,426.8443011794551,97
2024-09-20 11:34:08.759,426.8453980459733,13
2024-09-20 11:34:08.763,426.8437191756125,97
2024-09-20 11:34:08.826,426.82755709156186,5
2024-09-20 11:34:08.861,426.8431904148117,9
2024-09-20 11:34:08.908,426.8196559593088,102
2024-09-20 11:34:08.915,426.7996929103179,9
2024-09-20 11:34:09.026,426.7877348856399,995
2024-09-20 11:34:09.064,426.75967665495335,995
2024-09-20 11:34:09.070,426.828809160654,1002
2024-09-20 11:34:09.095,426.85495342757775,7
2024-09-20 11:34:09.250,426.77809114689495,11
2024-09-20 11:34:09.310,426.7647113053093,10
2024-09-20 11:34:09.353,426.8371031914128,11
2024-09-20 11:34:09.437,426.74811946867857,996
2024-09-20 11:34:09.477,426.7635030601912,1001
2024-09-20 11:34:09.545,426.7807925388333,1001
2024-09-20 11:34:09.605,426.76906115773903,995
2024-09-20 11:34:09.616,426.7736681568263,95
2024-09-20 11:34:09.707,426.7742658926381,98
2024-09-20 11:34:09.752,426.8117129249761,103
2024-09-20 11:34:09.770,426.77429402114296,1001
2024-09-20 11:34:09.776,426.77175272896926,96
2024-09-20 11:34:09.846,426.8575604969963,8
2024-09-20 11:34:09.870,426.7797855429687,104
2024-09-20 11:34:09.884,426.77636977144897,95
2024-09-20 11:34:09.893,426.8673535800463,102
2024-09-20 11:34:09.902,426.7971047492225,1001
2024-09-20 11:34:09.907,426.7899500897322,1004
2024-09-20 11:34:09.910,426.79082045729615,105
2024-09-20 11:34:09.998,426.7635376786493,9
2024-09-20 11:34:10.024,426.78305815922863,9
2024-09-20 11:34:10.033,426.78130135909566,998
2024-09-20 11:34:10.068,426.7994885961852,1002
2024-09-20 11:34:10.103,426.7654839824013,8
2024-09-20 11:34:10.249,426.773951462425,999
2024-09-20 11:34:10.271,426.7981078984879,997
2024-09-20 11:34:10.341,426.7793133823597,1003
2024-09-20 11:34:10.425,426.7811637363496,103
2024-09-20 11:34:10.465,426.8020603140391,12
2024-09-20 11:34:10.526,426.7809146839547,12
2024-09-20 11:34:10.580,426.7737600475714,95
2024-09-20 11:34:10.605,426.7962226416365,996
2024-09-20 11:34:10.736,426.7845200059796,7
2024-09-20 11:34:10.832,426.7761618046436,105
2024-09-20 11:34:11.081,426.7769528206417,103
2024-09-20 11:34:11.086,426.7931617218101,11
2024-09-20 11:34:11.191,426.8041376245221,95
2024-09-20 11:34:11.267,426.7864344862074,101
2024-09-20 11:34:11.295,426.7762827128339,9
2024-09-20 11:34:11.299,426.7988540870018,1003
2024-09-20 11:34:11.319,426.8011912002479,102
2024-09-20 11:34:11.328,426.79119604015136,999
2024-09-20 11:34:11.396,426.7629845158996,5
2024-09-20 11:34:11.399,426.7596322822095,8
2024-09-20 11:34:11.414,426.7570942580994,100
2024-09-20 11:34:11.487,426.78752837787454,1005
2024-09-20 11:34:11.539,426.7584676711485,14
2024-09-20 11:34:11.675,426.8033310729284,12
2024-09-20 11:34:11.698,426.8012207038388,101
2024-09-20 11:34:11.758,426.79317227032095,995
2024-09-20 11:34:11.957,426.7885163992058,15
2024-09-20 11:34:12.065,426.8201062474794,12
2024-09-20 11:34:12.068,426.9134578415008,12
2024-09-20 11:34:12.174,426.8584367717136,9
2024-09-20 11:34:12.174,426.816975215359,104
2024-09-20 11:34:12.201,426.8334017479543,104
2024-09-20 11:34:12.214,426.8858624560058,1003
2024-09-20 11:34:12.245,426.83102243272896,9
2024-09-20 11:34:12.295,-426.8846364801648,1000
2024-09-20 11:34:12.307,426.82154036463845,103
2024-09-20 11:34:12.329,426.8209726133492,10
2024-09-20 11:34:12.397,426.8050200287856,98
2024-09-20 11:34:12.447,426.8761259385551,14
2024-09-20 11:34:12.484,426.82754679802247,6
2024-09-20 11:34:12.511,426.8410358144528,96
2024-09-20 11:34:12.534,426.8924054191737,8
2024-09-20 11:34:12.537,426.88064834340366,1005
2024-09-20 11:34:12.717,-426.824801887014,101
2024-09-20 11:34:12.776,426.8590485178784,1002
2024-09-20 11:34:12.814,426.819336015309,1001
2024-09-20 11:34:12.824,426.8138833031378,995
2024-09-20 11:34:12.907,426.88224479541685,1003
2024-09-20 11:34:12.936,426.82345432439394,8
2024-09-20 11:34:12.944,426.875133995084,8
2024-09-20 11:34:12.949,426.9056340691876,96
2024-09-20 11:34:12.989,426.87425943909307,996
2024-09-20 11:34:13.011,427.0384950932896,104
2024-09-20 11:34:13.015,427.0226186935289,105
2024-09-20 11:34:13.208,42.70197680953142,102
2024-09-20 11:34:13.215,427.02732630830167,99
2024-09-20 11:34:13.227,427.0105351467684,14
2024-09-20 11:34:13.242,426.98030728370594,102
2024-09-20 11:34:13.281,427.0137685970748,10
2024-09-20 11:34:13.284,427.0362105332633,1000
2024-09-20 11:34:13.483,427.0271631252671,95
2024-09-20 11:34:13.484,427.01119702950615,1000
2024-09-20 11:34:13.517,426.95296582442535,5
2024-09-20 11:34:13.524,427.0179291460403,102
2024-09-20 11:34:13.532,427.0217796672485,101
2024-09-20 11:34:13.541,427.006170575572,10
2024-09-20 11:34:13.721,427.03182333533823,15
2024-09-20 11:34:13.733,427.0133442958131,102
2024-09-20 11:34:13.786,426.9355989081359,998
2024-09-20 11:34:13.792,426.9944432843884,12
2024-09-20 11:34:13.907,426.9304776034037,95
2024-09-20 11:34:13.929,426.9246019109741,998
2024-09-20 11:34:13.933,427.0489988253291,14
2024-09-20 11:34:14.067,426.963952562869,15
2024-09-20 11:34:14.082,427.0056332463048,100
2024-09-20 11:34:14.083,426.9357599849726,98
2024-09-20 11:34:14.095,427.0046524206716,105
2024-09-20 11:34:14.123,426.9316014850816,1000
2024-09-20 11:34:14.132,426.9359958133092,6
2024-09-20 11:34:14.146,427.00184560891887,13
2024-09-20 11:34:14.206,426.9297081475215,105
2024-09-20 11:34:14.213,427.0117935471721,1000
2024-09-20 11:34:14.229,427.0188437470282,97
2024-09-20 11:34:14.287,426.9794928033572,1002
2024-09-20 11:34:14.304,427.00550087659326,97
2024-09-20 11:34:14.435,427.0034245314096,97
2024-09-20 11:34:14.533,426.97428729695065,99
2024-09-20 11:34:14.601,427.0300832788508,1005
2024-09-20 11:34:14.658,426.9440189293459,9
2024-09-20 11:34:14.680,426.9392221659109,100
2024-09-20 11:34:14.700,427.0432787352414,7
2024-09-20 11:34:14.711,426.9436379297005,1002
2024-09-20 11:34:14.739,427.0461452717704,100
2024-09-20 11:34:14.832,426.9326225979804,105
2024-09-20 11:34:14.850,426.97357915795845,1001
2024-09-20 11:34:14.867,426.996167767548,103
2024-09-20 11:34:14.909,426.942628151845,96
2024-09-20 11:34:14.913,426.94033222624665,7
2024-09-20 11:34:14.946,427.0224204430193,95
2024-09-20 11:34:15.082,426.9432056904293,15
2024-09-20 11:34:15.613,426.9385476021986,104
2024-09-20 11:34:15.775,426.9520864965878,99
2024-09-20 11:34:16.003,426.8937296063773,96
2024-09-20 11:34:16.057,426.9165824285703,1001
2024-09-20 11:34:16.141,426.9366425024359,5
2024-09-20 11:34:16.217,426.9210795810924,1001
2024-09-20 11:34:16.245,426.92833988506703,100
2024-09-20 11:34:16.267,426.8945890988121,105
2024-09-20 11:34:16.438,426.9606552336126,101
2024-09-20 11:34:16.448,42.69063443251065,1005
2024-09-20 11:34:16.481,426.9125333930687,996
2024-09-20 11:34:16.494,426.9071029994647,7
2024-09-20 11:34:16.514,426.8946111681559,15
2024-09-20 11:34:16.529,426.9090384919056,995
2024-09-20 11:34:16.567,426.90449034034975,6
2024-09-20 11:34:16.616,426.908304567556,97
2024-09-20 11:34:16.656,426.96564615232927,1005
2024-09-20 11:34:16.732,426.88453740464985,7
2024-09-20 11:34:16.757,426.9046510093325,996
2024-09-20 11:34:16.811,426.9479016406966,98
2024-09-20 11:34:17.005,427.0092671414149,101
2024-09-20 11:34:17.023,427.0069645018052,1003
2024-09-20 11:34:17.063,426.9753774241085,8
2024-09-20 11:34:17.080,,98
2024-09-20 11:34:17.158,426.9794340209767,103
2024-09-20 11:34:17.159,427.01413024099776,995
2024-09-20 11:34:17.161,426.979771792117,101
2024-09-20 11:34:17.168,427.0142417397365,101
2024-09-20 11:34:17.182,427.0064295667231,9
2024-09-20 11:34:17.205,427.0089543781359,1005
2024-09-20 11:34:17.223,426.9815982386819,11
2024-09-20 11:34:17.248,426.9814866739375,101
2024-09-20 11:34:17.257,426.9675045935375,97
2024-09-20 11:34:17.301,426.991169122897,11
2024-09-20 11:34:17.337,426.9685996735865,12
2024-09-20 11:34:17.560,426.9910725349172,996
2024-09-20 11:34:17.565,426.9981863792458,998
2024-09-20 11:34:17.575,426.9896559255705,6
2024-09-20 11:34:17.586,427.0115881429225,995
2024-09-20 11:34:17.617,427.0047680961398,13
2024-09-20 11:34:17.766,427.00631469414776,11
2024-09-20 11:34:17.852,426.9700281563612,100
2024-09-20 11:34:17.863,427.0097857386885,1004
2024-09-20 11:34:17.899,426.9981655385465,104
2024-09-20 11:34:17.920,426.9901244139252,15
2024-09-20 11:34:18.041,426.9938133243001,103
2024-09-20 11:34:18.147,427.005684867668,104
2024-09-20 11:34:18.169,426.971835050385,101
2024-09-20 11:34:18.187,426.999464015492,998
2024-09-20 11:34:18.233,,13
2024-09-20 11:34:18.255,426.980672104534,95
2024-09-20 11:34:18.297,426.9852554308732,7
2024-09-20 11:34:18.416,427.0076098039059,13
2024-09-20 11:34:18.418,427.00451446274224,7
2024-09-20 11:34:18.728,426.9912572645656,13
2024-09-20 11:34:18.751,426.977225612512,7
2024-09-20 11:34:18.766,426.98436025714295,103
2024-09-20 11:34:18.788,426.9930000456163,8
2024-09-20 11:34:18.812,427.0048671992524,97
2024-09-20 11:34:18.982,427.0207103660151,13
2024-09-20 11:34:19.106,427.0001596872395,12
2024-09-20 11:34:19.271,426.9967369703164,997
2024-09-20 11:34:19.508,427.0067294611033,11
2024-09-20 11:34:19.565,427.0093093489973,97
2024-09-20 11:34:19.747,426.9999532259613,999
2024-09-20 11:34:20.067,426.90790977118047,6
2024-09-20 11:34:20.114,426.8762502826829,1000
2024-09-20 11:34:20.132,426.947915583228,102
2024-09-20 11:34:20.158,426.96678311558577,105
2024-09-20 11:34:20.179,426.9819615276618,998
2024-09-20 11:34:20.231,426.912984892946,997
2024-09-20 11:34:20.304,426.9627749824902,998
2024-09-20 11:34:20.393,426.93865672420594,98
2024-09-20 11:34:20.404,426.97236297115626,14
2024-09-20 11:34:20.407,426.9180590815478,96
2024-09-20 11:34:20.422,426.8862267814452,1004
2024-09-20 11:34:20.466,426.8633425985941,103
2024-09-20 11:34:20.495,426.8892164276198,96
2024-09-20 11:34:20.514,426.8892327571244,8
2024-09-20 11:34:20.526,426.9384791652709,105
2024-09-20 11:34:20.586,426.960251190342,6
2024-09-20 11:34:20.692,426.8941248108692,105
2024-09-20 11:34:20.750,426.89131191165154,8
2024-09-20 11:34:20.781,-426.8846015620646,102
2024-09-20 11:34:20.825,426.97255745579713,12
2024-09-20 11:34:20.868,426.89542665383885,997
2024-09-20 11:34:20.885,426.9511689328494,9
2024-09-20 11:34:20.903,426.9799059473391,1003
2024-09-20 11:34:20.938,426.86812859065833,11
2024-09-20 11:34:20.953,426.9031916490531,1005
2024-09-20 11:34:20.978,426.87988316337743,999
2024-09-20 11:34:21.042,426.8651309891254,105
2024-09-20 11:34:21.325,42.683908020014506,8
2024-09-20 11:34:21.353,426.89473592313726,101
2024-09-20 11:34:21.393,426.8546359519826,12
2024-09-20 11:34:21.468,426.8665987753772,997
2024-09-20 11:34:21.494,426.8631516635606,103
2024-09-20 11:34:21.517,426.8942347859468,11
2024-09-20 11:34:21.821,426.87040747358935,9
2024-09-20 11:34:21.822,426.884553616867,96
2024-09-20 11:34:21.979,426.87206995200495,998
2024-09-20 11:34:21.989,426.863985916046,1003
2024-09-20 11:34:22.092,426.8641915502404,10
2024-09-20 11:34:22.153,426.8923541024556,97
2024-09-20 11:34:22.160,426.8989222356394,100
2024-09-20 11:34:22.287,426.8516087311724,14
2024-09-20 11:34:22.306,426.8586241948677,97
2024-09-20 11:34:22.346,426.87163060663454,7
2024-09-20 11:34:22.354,426.8951726299675,998
2024-09-20 11:34:22.425,426.8590983197456,97
2024-09-20 11:34:22.484,426.9235183367285,99
2024-09-20 11:34:22.593,426.8721521629311,1005
2024-09-20 11:34:22.606,426.8705893329006,6
2024-09-20 11:34:22.817,426.8709471187578,105
2024-09-20 11:34:22.854,426.8819373045495,96
2024-09-20 11:34:22.913,426.9233154608418,12
2024-09-20 11:34:23.032,426.9161915041162,14
2024-09-20 11:34:23.064,426.8964216098209,1004
2024-09-20 11:34:23.189,426.90543072696977,1001
2024-09-20 11:34:23.192,426.93459326386267,14
2024-09-20 11:34:23.373,426.88720690017146,103
2024-09-20 11:34:23.412,426.8974948821719,11
2024-09-20 11:34:23.437,426.8899231575296,997
2024-09-20 11:34:23.509,426.9377084678741,7
2024-09-20 11:34:23.700,426.9383613701218,11
2024-09-20 11:34:23.845,426.97779065088906,5
2024-09-20 11:34:23.870,426.9260767740456,1002
2024-09-20 11:34:23.909,426.946893438018,97
2024-09-20 11:34:23.937,426.9688807668334,104
2024-09-20 11:34:23.987,426.88508236197714,1005
2024-09-20 11:34:24.164,426.9748884707402,8
2024-09-20 11:34:24.296,426.9556553129013,9
2024-09-20 11:34:24.317,426.9506577832856,997
2024-09-20 11:34:24.371,426.9673568522207,104
2024-09-20 11:34:24.496,426.96640298360217,9
2024-09-20 11:34:24.526,426.94541238022646,997
2024-09-20 11:34:24.753,426.97234303213946,13
2024-09-20 11:34:24.756,426.9693262715952,12
2024-09-20 11:34:24.830,426.96851512142746,5
2024-09-20 11:34:24.847,426.9542025820823,997
2024-09-20 11:34:24.896,426.946779981925,9
2024-09-20 11:34:24.936,426.9691550891561,1001
2024-09-20 11:34:24.942,426.9636036937941,14
2024-09-20 11:34:24.989,426.9557008477509,996
2024-09-20 11:34:25.018,426.90102619805634,1001
2024-09-20 11:34:25.154,426.9202983870815,104
2024-09-20 11:34:25.177,426.8856587607461,7
2024-09-20 11:34:25.194,426.9266733024799,97
2024-09-20 11:34:25.198,426.9213296680492,103
2024-09-20 11:34:25.235,426.9284036287731,98
2024-09-20 11:34:25.395,426.9510850159215,10
2024-09-20 11:34:25.468,426.9362560451447,5
2024-09-20 11:34:25.489,426.8868170180567,10
2024-09-20 11:34:25.528,426.8850313066231,13
2024-09-20 11:34:25.543,426.8828003253733,105
2024-09-20 11:34:25.619,426.9341322986901,5
2024-09-20 11:34:25.681,426.8734873298929,6
2024-09-20 11:34:25.896,426.9199424001212,12
2024-09-20 11:34:25.976,426.8780412957329,996
2024-09-20 11:34:26.037,426.9029199617939,997
2024-09-20 11:34:26.079,426.8801030895864,6
2024-09-20 11:34:26.088,426.85969740779615,13
2024-09-20 11:34:26.106,426.9173676775399,12
2024-09-20 11:34:26.120,426.9093131869037,13
2024-09-20 11:34:26.146,426.8956510129661,6
2024-09-20 11:34:26.159,426.9011943566726,1004
2024-09-20 11:34:26.162,426.901162221946,104
2024-09-20 11:34:26.169,426.88538459413536,996
2024-09-20 11:34:26.190,426.8693911227969,15
2024-09-20 11:34:26.203,426.8833090724131,99
2024-09-20 11:34:26.205,426.8944887434167,5
2024-09-20 11:34:26.244,426.86555227800426,12
2024-09-20 11:34:26.267,426.8489985894913,13
2024-09-20 11:34:26.330,426.8817947310177,5
2024-09-20 11:34:26.336,426.8571206805023,997
2024-09-20 11:34:26.426,426.8717987378639,95
2024-09-20 11:34:26.434,426.8772989739683,14
2024-09-20 11:34:26.434,426.91237988549454,8
2024-09-20 11:34:26.474,426.8865475428,996
2024-09-20 11:34:26.495,426.902879547555,98
2024-09-20 11:34:26.585,426.9065401881177,7
2024-09-20 11:34:26.592,426.880015038295,1004
2024-09-20 11:34:26.647,426.8845142158416,98
2024-09-20 11:34:26.836,426.8810263107812,104
2024-09-20 11:34:26.876,426.8932333110923,99
2024-09-20 11:34:26.902,426.8962177405394,1005
2024-09-20 11:34:26.935,426.8768170870173,98
2024-09-20 11:34:26.999,426.8851342798498,999
2024-09-20 11:34:27.143,426.8631531573792,997
2024-09-20 11:34:27.245,426.83607297498736,8
2024-09-20 11:34:27.296,426.8381672793737,8
2024-09-20 11:34:27.369,426.8926528920106,103
2024-09-20 11:34:27.412,426.8644825868318,104
2024-09-20 11:34:27.552,426.8439672979047,10
2024-09-20 11:34:27.564,426.8873964288954,7
2024-09-20 11:34:27.611,426.8502054046356,104
2024-09-20 11:34:27.636,426.8681015799573,13
2024-09-20 11:34:27.691,426.8438205648143,999
2024-09-20 11:34:27.789,426.88637613232765,1002
2024-09-20 11:34:27.929,426.8784060848504,1001
2024-09-20 11:34:27.950,426.8487562025465,96
2024-09-20 11:34:28.008,426.85172217869626,1003
2024-09-20 11:34:28.069,426.8592402316061,6
2024-09-20 11:34:28.133,42.6858889775466,1000
2024-09-20 11:34:28.138,426.8602625793183,99
2024-09-20 11:34:28.411,426.8647597969433,1005
2024-09-20 11:34:28.493,426.86726523578847,97
2024-09-20 11:34:28.844,426.8607742187436,8
2024-09-20 11:34:29.018,426.8436567014047,95
2024-09-20 11:34:29.021,426.8287100893136,7
2024-09-20 11:34:29.053,426.8369283615731,9
2024-09-20 11:34:29.062,426.8256502913089,5
2024-09-20 11:34:29.118,426.823404183085,14
2024-09-20 11:34:29.135,426.86274792012864,6
2024-09-20 11:34:29.206,426.8433780212139,997
2024-09-20 11:34:29.224,426.78438905647874,12
2024-09-20 11:34:29.246,426.8253942812573,999
2024-09-20 11:34:29.252,426.8038733375917,105
2024-09-20 11:34:29.323,426.8578439408259,101
2024-09-20 11:34:29.337,426.8284528897305,1001
2024-09-20 11:34:29.348,426.8085941398695,8
2024-09-20 11:34:29.400,426.8242014270679,103
2024-09-20 11:34:29.543,426.81431442464975,105
2024-09-20 11:34:29.561,426.7971047377132,5
2024-09-20 11:34:29.623,426.84647368695926,1002
2024-09-20 11:34:29.661,426.8215872275603,13
2024-09-20 11:34:29.688,426.8404303463079,96
2024-09-20 11:34:29.734,426.7942186474141,999
2024-09-20 11:34:29.811,426.8378909668464,1001
2024-09-20 11:34:29.874,426.7891739838228,10
2024-09-20 11:34:29.907,426.851352379628,998
2024-09-20 11:34:29.989,,10
2024-09-20 11:34:30.002,426.8190399649858,10
2024-09-20 11:34:30.037,426.8038553932061,8
2024-09-20 11:34:30.076,426.8072034472492,8
2024-09-20 11:34:30.156,426.80016060038895,996
2024-09-20 11:34:30.188,426.7876806573999,6
2024-09-20 11:34:30.218,426.8040068880118,1003
2024-09-20 11:34:30.228,426.7810291364758,7
2024-09-20 11:34:30.284,426.7959692705199,999
2024-09-20 11:34:30.337,426.7582602548261,6
2024-09-20 11:34:30.342,426.8190129063881,1002
2024-09-20 11:34:30.413,426.8109455715184,5
2024-09-20 11:34:30.433,426.7995113453484,995
2024-09-20 11:34:30.470,426.8015987523436,104
2024-09-20 11:34:30.487,426.8164820980445,98
2024-09-20 11:34:30.520,,97
2024-09-20 11:34:30.569,426.82174483388616,12
2024-09-20 11:34:30.633,426.7938518995611,14
2024-09-20 11:34:30.656,426.8051514667356,95
2024-09-20 11:34:30.696,426.7909355184125,98
2024-09-20 11:34:30.709,426.8114954184004,999
2024-09-20 11:34:30.733,426.79207191860047,996
2024-09-20 11:34:30.739,426.8004438640122,1005
2024-09-20 11:34:30.791,426.804581443482,999
2024-09-20 11:34:30.797,426.809523487363,95
2024-09-20 11:34:30.822,426.8233811006518,1004
2024-09-20 11:34:30.869,426.815456983416,105
2024-09-20 11:34:30.921,426.8001811098306,1000
2024-09-20 11:34:31.013,426.8001079519309,95
2024-09-20 11:34:31.015,426.7764715569836,1003
2024-09-20 11:34:31.027,426.7784821973114,102
2024-09-20 11:34:31.089,426.77360680246886,103
2024-09-20 11:34:31.098,426.7883743434607,95
2024-09-20 11:34:31.126,426.8177974684,1004
2024-09-20 11:34:31.236,426.7327364411628,102
2024-09-20 11:34:31.240,426.8274679880634,96
2024-09-20 11:34:31.258,426.8209811586837,5
2024-09-20 11:34:31.285,426.7486435255552,100
2024-09-20 11:34:31.295,426.7011250456248,999
2024-09-20 11:34:31.430,426.72957994813385,997
2024-09-20 11:34:31.496,426.7084323006829,15
2024-09-20 11:34:31.567,426.7968989410648,13
2024-09-20 11:34:31.594,426.75705113126304,99
2024-09-20 11:34:31.636,426.760247241408,999
2024-09-20 11:34:31.648,426.7102861548593,999
2024-09-20 11:34:31.652,426.7784800304655,96
2024-09-20 11:34:31.740,426.7224260850919,102
2024-09-20 11:34:31.741,426.81115104475606,13
2024-09-20 11:34:31.796,426.80920988588616,13
2024-09-20 11:34:31.857,426.8075234268511,101
2024-09-20 11:34:31.864,426.7131742510712,100
2024-09-20 11:34:31.933,426.6968778603052,1001
2024-09-20 11:34:32.005,,95
2024-09-20 11:34:32.054,426.8170741105291,1003
2024-09-20 11:34:32.143,426.803329922758,97
2024-09-20 11:34:32.149,426.7683191430131,9
2024-09-20 11:34:32.185,426.76426624925807,103
2024-09-20 11:34:32.209,426.7805262944297,999
2024-09-20 11:34:32.306,-426.77461333103264,1002
2024-09-20 11:34:32.336,426.7703527274914,999
2024-09-20 11:34:32.389,426.7871632090985,1003
2024-09-20 11:34:32.412,426.7737861740028,9
2024-09-20 11:34:32.515,426.7758603581811,8
2024-09-20 11:34:32.558,426.7759415475397,5
2024-09-20 11:34:32.581,426.77711216802936,95
2024-09-20 11:34:32.655,426.78447097096085,103
2024-09-20 11:34:32.692,426.77300196218977,96
2024-09-20 11:34:32.697,426.7649283451559,101
2024-09-20 11:34:32.703,426.77628898838674,104
2024-09-20 11:34:32.705,426.78864356863,999
2024-09-20 11:34:32.754,426.7752933689509,7
2024-09-20 11:34:32.757,426.7762816892462,996
2024-09-20 11:34:32.787,426.763189753881,98
2024-09-20 11:34:32.813,426.7952172042389,101
2024-09-20 11:34:32.881,426.7860684497444,103
2024-09-20 11:34:32.885,426.791533364482,9
2024-09-20 11:34:32.905,426.7666857917695,998
2024-09-20 11:34:32.920,426.7695516232344,1005
2024-09-20 11:34:32.925,426.78061862267896,14
2024-09-20 11:34:32.942,426.7724473847584,1003
2024-09-20 11:34:32.950,426.7805954471338,1004
2024-09-20 11:34:32.952,426.77388775891166,104
2024-09-20 11:34:33.190,426.8085874153268,998
2024-09-20 11:34:34.048,426.8733392239571,7
2024-09-20 11:34:34.232,426.8165488296588,999
2024-09-20 11:34:34.278,426.8505876171481,12
2024-09-20 11:34:34.304,426.8290802987213,6
2024-09-20 11:34:34.318,426.87581159036944,1000
2024-09-20 11:34:34.438,426.8544437755272,104
2024-09-20 11:34:34.447,426.8511400320479,101
2024-09-20 11:34:34.447,426.8554506305029,12
2024-09-20 11:34:34.650,426.8441956717257,995
2024-09-20 11:34:34.737,426.8522611936568,101
2024-09-20 11:34:34.743,426.86050004683295,1001
2024-09-20 11:34:34.797,426.83156066662576,9
2024-09-20 11:34:34.923,426.8304337454474,97
2024-09-20 11:34:34.995,426.85322020482096,98
2024-09-20 11:34:35.043,426.7965818586146,14
2024-09-20 11:34:35.058,426.77806455285065,102
2024-09-20 11:34:35.090,426.79944028763657,1001
2024-09-20 11:34:35.149,426.7774192602993,1005
2024-09-20 11:34:35.164,426.7836108502505,99
2024-09-20 11:34:35.196,426.8185895128149,105
2024-09-20 11:34:35.201,426.7579709268963,8
2024-09-20 11:34:35.243,426.8061603518535,102
2024-09-20 11:34:35.270,426.7710295764434,1001
2024-09-20 11:34:35.293,426.8007006148075,99
2024-09-20 11:34:35.303,426.8329545273115,996
2024-09-20 11:34:35.316,426.8321521038807,6
2024-09-20 11:34:35.319,426.8319330290608,104
2024-09-20 11:34:35.370,426.8107485412398,12
2024-09-20 11:34:35.375,426.7835608908573,10
2024-09-20 11:34:35.380,426.7685461028954,996
2024-09-20 11:34:35.393,426.7952157295892,7
2024-09-20 11:34:35.544,,6
2024-09-20 11:34:35.549,426.8200521553723,105
2024-09-20 11:34:35.651,426.7914515652862,14
2024-09-20 11:34:35.729,426.781850914382,11
2024-09-20 11:34:35.762,426.82485815245127,1003
2024-09-20 11:34:35.846,426.77556470929295,5
2024-09-20 11:34:35.877,426.7796000308948,12
2024-09-20 11:34:35.889,426.7759893517136,1001
2024-09-20 11:34:35.934,426.75788086617627,997
2024-09-20 11:34:35.974,426.76614626641214,97
2024-09-20 11:34:35.994,426.81375728064177,98
2024-09-20 11:34:36.213,426.7391410409669,999
2024-09-20 11:34:36.241,426.7259510685084,6
2024-09-20 11:34:36.306,426.7432538402379,5
2024-09-20 11:34:36.501,426.7441940027013,1000
2024-09-20 11:34:36.628,426.7535711432932,8
2024-09-20 11:34:36.805,426.7638140025116,1001
2024-09-20 11:34:36.822,426.7890392482356,996
2024-09-20 11:34:37.149,426.8034654864531,10
2024-09-20 11:34:37.160,426.7759408696853,99
2024-09-20 11:34:37.444,426.8082922827273,105
2024-09-20 11:34:37.448,426.7531571586354,6
2024-09-20 11:34:37.502,426.792510934403,999
2024-09-20 11:34:37.690,426.7676334295671,12
2024-09-20 11:34:37.697,426.7962977120132,100
2024-09-20 11:34:37.763,426.76073594386907,5
2024-09-20 11:34:37.869,426.7808734482203,98
2024-09-20 11:34:37.970,426.7866916305749,97
2024-09-20 11:34:38.119,426.743763578145,101
2024-09-20 11:34:38.253,426.7524349732228,13
2024-09-20 11:34:38.270,426.7398413365368,102
2024-09-20 11:34:38.401,426.6897170676101,95
2024-09-20 11:34:38.443,426.751656485894,13
2024-09-20 11:34:38.470,426.729866296893,10
2024-09-20 11:34:38.501,426.7239886031093,97
2024-09-20 11:34:38.531,426.69359188801377,96
2024-09-20 11:34:38.571,426.74784369999486,5
2024-09-20 11:34:38.612,426.7223746217625,7
2024-09-20 11:34:38.637,426.7571611768412,997
2024-09-20 11:34:38.773,426.7511610189527,11
2024-09-20 11:34:38.781,426.7229110579216,95
2024-09-20 11:34:38.899,426.7725996966895,1003
2024-09-20 11:34:38.966,426.75100911906304,8
2024-09-20 11:34:39.048,426.7216584687186,102
2024-09-20 11:34:39.154,426.7218125303653,15
2024-09-20 11:34:39.588,426.77289392690665,104
2024-09-20 11:34:39.685,426.7175114236316,105
2024-09-20 11:34:39.805,426.734698606312,10
2024-09-20 11:34:39.823,426.7514128670054,13
2024-09-20 11:34:40.036,426.7436184010543,1005
2024-09-20 11:34:40.061,426.7171373220381,5
2024-09-20 11:34:40.638,426.749488775481,104
2024-09-20 11:34:40.823,426.7300582854961,12
2024-09-20 11:34:41.007,426.7605619809165,15
2024-09-20 11:34:41.041,426.7523128367904,998
2024-09-20 11:34:41.047,426.76138146392464,13
2024-09-20 11:34:41.052,426.7713841059424,995
2024-09-20 11:34:41.064,426.7532613982991,8
2024-09-20 11:34:41.104,426.7369135719717,103
2024-09-20 11:34:41.146,426.72911113642783,99
2024-09-20 11:34:41.153,426.7538599129821,6
2024-09-20 11:34:41.396,426.7593212899913,99
2024-09-20 11:34:41.444,426.7676534829131,1003
2024-09-20 11:34:41.617,426.7615073518061,6
2024-09-20 11:34:41.618,426.7516015249362,996
2024-09-20 11:34:41.724,426.7653845974622,998
2024-09-20 11:34:41.725,426.7514741898767,1003
2024-09-20 11:34:41.826,426.7474637258251,97
2024-09-20 11:34:41.827,426.7703585238479,1002
2024-09-20 11:34:41.860,426.7420974781095,1000
2024-09-20 11:34:41.863,426.7638076244456,96
2024-09-20 11:34:41.990,426.779860265577,1000
2024-09-20 11:34:42.095,426.7188612072258,7
2024-09-20 11:34:42.117,426.7025822518431,1001
2024-09-20 11:34:42.128,426.6934425382435,13
2024-09-20 11:34:42.143,426.71119493217833,1004
2024-09-20 11:34:42.297,426.62283258540856,15
2024-09-20 11:34:42.324,426.6617540650673,96
2024-09-20 11:34:42.427,426.7080508637789,8
2024-09-20 11:34:42.455,426.6430688792329,12
2024-09-20 11:34:42.487,426.62289145178994,6
2024-09-20 11:34:42.504,426.6954883439352,996
2024-09-20 11:34:42.523,426.728799896773,95
2024-09-20 11:34:42.549,426.6596122964696,1000
2024-09-20 11:34:42.559,426.740021514104,15
2024-09-20 11:34:42.580,426.6216700669168,1005
2024-09-20 11:34:42.582,426.6809070485983,995
2024-09-20 11:34:42.584,426.7354795808855,6
2024-09-20 11:34:42.670,426.7302752890653,104
2024-09-20 11:34:42.711,426.70782296941707,1004
2024-09-20 11:34:42.756,426.7466941299364,95
2024-09-20 11:34:42.809,426.6447533015673,995
2024-09-20 11:34:42.883,426.71294656439215,6
2024-09-20 11:34:42.898,426.70469416636223,97
2024-09-20 11:34:42.935,426.7318770498962,1004
2024-09-20 11:34:43.310,426.6348745943753,1001
2024-09-20 11:34:43.868,426.6064015574768,8
2024-09-20 11:34:43.919,426.6040300794649,1003
2024-09-20 11:34:44.119,426.5717571132548,99
2024-09-20 11:34:44.207,426.6026674816743,5
2024-09-20 11:34:44.300,426.6109966059088,1004
2024-09-20 11:34:44.341,426.5861728122122,9
2024-09-20 11:34:44.436,426.5938952295788,103
2024-09-20 11:34:44.480,426.6111116000561,100
2024-09-20 11:34:44.498,426.6123585313771,98
2024-09-20 11:34:44.859,426.589695067438,99
2024-09-20 11:34:44.923,426.6189933141685,10
2024-09-20 11:34:44.968,426.6142765199854,14
2024-09-20 11:34:44.984,426.5764239400512,15
2024-09-20 11:34:45.271,426.56671159675625,5
2024-09-20 11:34:45.320,426.5430364217477,102
2024-09-20 11:34:45.383,426.51214756542055,95
2024-09-20 11:34:45.385,426.6015787849343,101
2024-09-20 11:34:45.435,426.5052390103604,98
2024-09-20 11:34:45.725,426.5105708625458,103
2024-09-20 11:34:45.789,426.5873097822265,1002
2024-09-20 11:34:45.804,426.5165311866642,8
2024-09-20 11:34:45.818,426.503269657087,6
2024-09-20 11:34:46.425,426.4999163317598,1003
2024-09-20 11:34:46.678,426.50472202364153,13
2024-09-20 11:34:46.980,426.4889840786883,1003
2024-09-20 11:34:47.041,426.4768839561989,99
2024-09-20 11:34:47.057,426.5306835116966,995
2024-09-20 11:34:47.057,426.53532247179305,1001
2024-09-20 11:34:47.117,426.5458614486336,8
2024-09-20 11:34:47.210,426.5373563151539,102
2024-09-20 11:34:47.273,426.5148344600103,100
2024-09-20 11:34:47.273,,8
2024-09-20 11:34:47.337,426.4999572821709,104
2024-09-20 11:34:47.394,426.5316174933447,1002
2024-09-20 11:34:47.480,426.5003384935875,96
2024-09-20 11:34:47.484,426.5005338273208,998
2024-09-20 11:34:47.532,426.5236786029725,995
2024-09-20 11:34:47.535,426.5158212664305,102
2024-09-20 11:34:47.540,426.5359532337419,9
2024-09-20 11:34:47.794,426.4918008129675,997
2024-09-20 11:34:47.927,426.5270680419307,13
2024-09-20 11:34:47.937,426.5098342863458,105
2024-09-20 11:34:47.978,426.4879334015525,8
2024-09-20 11:34:48.062,,1000
2024-09-20 11:34:48.317,426.4691051865996,14
2024-09-20 11:34:48.390,426.4980962256902,5
2024-09-20 11:34:48.417,426.4592000044136,10
2024-09-20 11:34:48.450,426.4880735358622,102
2024-09-20 11:34:48.526,426.5184888375664,100
2024-09-20 11:34:48.736,426.4679372470355,995
2024-09-20 11:34:48.905,426.4531116550967,999
2024-09-20 11:34:48.963,426.4524968716223,98
2024-09-20 11:34:49.047,426.48534212048094,7
2024-09-20 11:34:49.082,426.4755280336953,1005
2024-09-20 11:34:49.100,426.4769907139116,103
2024-09-20 11:34:49.130,426.4533188314475,11
2024-09-20 11:34:49.137,426.5099021124605,1005
2024-09-20 11:34:49.195,426.4682826103289,105
2024-09-20 11:34:49.195,426.49628976048433,998
2024-09-20 11:34:49.297,426.451118198413,101
2024-09-20 11:34:49.354,426.4944447568912,5
2024-09-20 11:34:49.358,426.4939138031444,996
2024-09-20 11:34:49.375,426.5018494266715,14
2024-09-20 11:34:49.377,426.4884902458628,7
2024-09-20 11:34:49.434,426.4966102569605,102
2024-09-20 11:34:49.436,426.5192942202174,105
2024-09-20 11:34:49.475,426.48235682976735,995
2024-09-20 11:34:49.528,426.49355353860017,7
2024-09-20 11:34:49.561,426.4968182202364,102
2024-09-20 11:34:49.615,426.4814074649441,103
2024-09-20 11:34:49.624,-426.4493616095127,10
2024-09-20 11:34:49.646,426.4623527505725,105
2024-09-20 11:34:49.767,426.4892379267179,10
2024-09-20 11:34:49.773,426.477857558177,99
2024-09-20 11:34:49.792,426.46510329144405,995
2024-09-20 11:34:49.792,426.50720462470406,11
2024-09-20 11:34:49.823,426.46979308815474,12
2024-09-20 11:34:49.834,426.4758627475465,100
2024-09-20 11:34:49.888,426.4901983183989,997
2024-09-20 11:34:49.974,426.5032609181725,12
2024-09-20 11:34:50.027,426.5918442248189,102
2024-09-20 11:34:50.087,426.5788915671502,1000
2024-09-20 11:34:50.132,426.59266952255166,9
2024-09-20 11:34:50.309,426.5785743321068,13
2024-09-20 11:34:50.404,426.5332339157793,1004
2024-09-20 11:34:50.409,426.569260136511,999
2024-09-20 11:34:50.417,426.512381800774,995
2024-09-20 11:34:50.432,426.5608329691134,1002
2024-09-20 11:34:50.497,426.55774875251234,7
2024-09-20 11:34:50.502,426.5615940838165,97
2024-09-20 11:34:50.511,426.5919582667979,10
2024-09-20 11:34:50.532,426.5666582475576,1004
2024-09-20 11:34:50.536,426.4921859980258,996
2024-09-20 11:34:50.544,426.5469635923363,996
2024-09-20 11:34:50.555,426.5765588219912,104
2024-09-20 11:34:50.574,426.5846334187271,8
2024-09-20 11:34:50.613,426.5801169934261,997
2024-09-20 11:34:50.645,426.5715680600306,1000
2024-09-20 11:34:50.650,426.5807863794205,11
2024-09-20 11:34:50.651,426.505838618602,997
2024-09-20 11:34:50.761,426.5555062984953,101
2024-09-20 11:34:50.798,426.57265500279806,9
2024-09-20 11:34:50.804,426.5525597490691,1000
2024-09-20 11:34:50.846,426.5159254906407,998
2024-09-20 11:34:50.873,426.57224056565786,5
2024-09-20 11:34:50.906,426.57269718525794,999
2024-09-20 11:34:50.959,426.5589275942112,15
2024-09-20 11:34:51.002,426.5676862984964,1004
2024-09-20 11:34:51.017,426.5670450939518,102
2024-09-20 11:34:51.073,426.493400250783,998
2024-09-20 11:34:51.125,426.4962004981155,98
2024-09-20 11:34:51.251,426.4819226201417,6
2024-09-20 11:34:51.277,426.4812138330595,1000
2024-09-20 11:34:51.374,426.5403867985238,7
2024-09-20 11:34:51.450,426.57876232511,13
2024-09-20 11:34:51.461,426.56130070591263,1001
2024-09-20 11:34:51.474,42.65181003162053,98
2024-09-20 11:34:51.487,426.5681275918535,102
2024-09-20 11:34:51.489,426.493281272749,998
2024-09-20 11:34:51.490,426.4870393664791,1004
2024-09-20 11:34:51.499,426.53589749756816,15
2024-09-20 11:34:51.503,426.51669102899166,105
2024-09-20 11:34:51.534,426.4951082366276,1004
2024-09-20 11:34:51.554,426.5364672982845,8
2024-09-20 11:34:51.563,426.5570357807407,99
2024-09-20 11:34:51.646,426.5613209204304,6
2024-09-20 11:34:51.683,426.5019756423803,96
2024-09-20 11:34:51.689,426.5249039385698,99
2024-09-20 11:34:51.737,426.5279251916722,1003
2024-09-20 11:34:51.815,426.4980943172517,1003
2024-09-20 11:34:51.856,426.4934778610562,12
2024-09-20 11:34:51.863,426.5416338861039,105
2024-09-20 11:34:51.873,426.5159575992575,8
2024-09-20 11:34:51.902,,1004
2024-09-20 11:34:51.981,426.5623076199935,995
2024-09-20 11:34:52.043,426.514125488464,7
2024-09-20 11:34:52.059,426.51565346981664,1005
2024-09-20 11:34:52.105,426.5082299820977,105
2024-09-20 11:34:52.116,426.5017683224276,103
2024-09-20 11:34:52.320,426.53934231154,10
2024-09-20 11:34:52.322,426.5263221365937,95
2024-09-20 11:34:52.392,426.53923775317617,998
2024-09-20 11:34:52.527,426.5085387747683,1000
2024-09-20 11:34:52.599,426.50103142081576,9
2024-09-20 11:34:52.621,426.5263321828697,5
2024-09-20 11:34:52.685,426.512243031757,8
2024-09-20 11:34:52.766,426.4888037867316,10
2024-09-20 11:34:52.890,426.53667017406536,103
2024-09-20 11:34:52.897,426.49318296648846,103
2024-09-20 11:34:52.928,426.5107435958067,1001
2024-09-20 11:34:52.971,426.5063281555521,1000
2024-09-20 11:34:52.973,426.5216917883582,97
2024-09-20 11:34:52.985,426.5537031608178,998
2024-09-20 11:34:53.087,426.4864451790258,11
2024-09-20 11:34:53.103,426.4916030766227,1005
2024-09-20 11:34:53.115,426.50585061233033,103
2024-09-20 11:34:53.129,426.5071585643285,95
2024-09-20 11:34:53.343,426.4894121309452,10
2024-09-20 11:34:53.468,426.4675595487585,14
2024-09-20 11:34:53.625,426.5114610756594,103
2024-09-20 11:34:53.659,426.5049661461158,1003
2024-09-20 11:34:53.691,426.45352673226455,10
2024-09-20 11:34:53.776,426.501721534744,1001
2024-09-20 11:34:53.823,426.49280773862415,996
2024-09-20 11:34:53.872,426.485418173877,104
2024-09-20 11:34:53.887,426.49721901539897,101
2024-09-20 11:34:53.888,426.4876404117804,998
2024-09-20 11:34:53.892,426.5082693850934,6
2024-09-20 11:34:53.914,426.51434422494987,5
2024-09-20 11:34:53.986,426.4967164904171,102
2024-09-20 11:34:53.987,426.4856250196106,1003
2024-09-20 11:34:54.012,426.5334755883604,997
2024-09-20 11:34:54.013,426.54094260703175,96
2024-09-20 11:34:54.042,426.504399455907,99
2024-09-20 11:34:54.074,426.525881377688,1004
2024-09-20 11:34:54.089,426.5528094090988,9
2024-09-20 11:34:54.120,426.5435564838273,105
2024-09-20 11:34:54.120,426.51763364059394,996
2024-09-20 11:34:54.368,426.54545543114864,95
2024-09-20 11:34:54.590,426.5324225941701,6
2024-09-20 11:34:55.009,426.5032279320282,999
2024-09-20 11:34:55.037,426.5414738910303,10
2024-09-20 11:34:55.092,426.5125871993913,103
2024-09-20 11:34:55.180,426.49854539320506,14
2024-09-20 11:34:55.214,426.5302436410333,1000
2024-09-20 11:34:55.264,42.65270606981889,98
2024-09-20 11:34:55.348,426.5037523742781,1001
2024-09-20 11:34:55.351,426.5316256856248,96
2024-09-20 11:34:55.368,426.5126125256949,97
2024-09-20 11:34:55.522,426.5247299043365,1001
2024-09-20 11:34:55.576,426.52969821520367,999
2024-09-20 11:34:55.576,426.52234777331216,999
2024-09-20 11:34:55.592,426.5259647206884,1005
2024-09-20 11:34:55.601,426.5286226923004,100
2024-09-20 11:34:55.644,426.52408534275065,1003
2024-09-20 11:34:55.704,42.65131128892018,999
2024-09-20 11:34:55.770,426.5335596092701,5
2024-09-20 11:34:55.830,426.5301183974831,6
2024-09-20 11:34:55.862,426.5300775252051,14
2024-09-20 11:34:55.898,426.5001165925141,97
2024-09-20 11:34:55.927,426.5112061035649,101
2024-09-20 11:34:55.967,426.5148911007746,1001
2024-09-20 11:34:56.128,426.5181096128648,101
2024-09-20 11:34:56.129,426.5178670581791,14
2024-09-20 11:34:56.148,426.493073568485,6
2024-09-20 11:34:56.196,426.48278973576726,1001
2024-09-20 11:34:56.332,426.5306179051559,5
2024-09-20 11:34:56.392,426.5167653283944,5
2024-09-20 11:34:56.438,426.5178367972518,9
2024-09-20 11:34:56.452,426.5012949822311,103
2024-09-20 11:34:56.458,426.5032691448623,100
2024-09-20 11:34:56.609,426.5271281948853,996
2024-09-20 11:34:56.773,426.51663035425264,15
2024-09-20 11:34:56.915,426.479038809091,6
2024-09-20 11:34:57.029,426.56246848957767,8
2024-09-20 11:34:57.140,426.5359639333995,102
2024-09-20 11:34:57.144,426.536563619126,13
2024-09-20 11:34:57.161,426.5553491931698,1001
2024-09-20 11:34:57.195,426.5405365376324,96
2024-09-20 11:34:57.197,-426.5157727504306,8
2024-09-20 11:34:57.300,426.5108832151357,14
2024-09-20 11:34:57.345,426.5279606284056,5
2024-09-20 11:34:57.415,426.5501434778462,1002
2024-09-20 11:34:57.480,426.5591043807495,995
2024-09-20 11:34:57.497,426.5520971940141,995
2024-09-20 11:34:57.529,426.54843574738624,10
2024-09-20 11:34:57.626,426.56642237152806,11
2024-09-20 11:34:57.643,426.5275368564916,11
2024-09-20 11:34:57.714,426.5120708917156,995
2024-09-20 11:34:57.717,426.5397094351099,98
2024-09-20 11:34:57.818,426.5258168167997,104
2024-09-20 11:34:57.830,426.5521088781788,997
2024-09-20 11:34:57.969,426.5244127674011,999
2024-09-20 11:34:58.014,426.51030475756966,1003
2024-09-20 11:34:58.054,426.4797420184331,96
2024-09-20 11:34:58.066,426.5379902553533,1003
2024-09-20 11:34:58.110,426.46813193958656,103
2024-09-20 11:34:58.174,426.5443214900121,1002
2024-09-20 11:34:58.205,426.5207543105116,105
2024-09-20 11:34:58.208,426.51215819438033,1001
2024-09-20 11:34:58.290,426.5008858833959,105
2024-09-20 11:34:58.350,426.4914418219052,1005
2024-09-20 11:34:58.377,426.4829526174466,99
2024-09-20 11:34:58.415,426.4807095667053,104
2024-09-20 11:34:58.470,426.5023508989063,102
2024-09-20 11:34:58.545,426.52828402259325,1000
2024-09-20 11:34:58.554,426.4811414431773,15
2024-09-20 11:34:58.566,426.5044135187366,6
2024-09-20 11:34:58.566,426.492195352624,97
2024-09-20 11:34:58.568,426.5248923781036,1004
2024-09-20 11:34:58.570,426.5224686808098,8
2024-09-20 11:34:58.614,426.5101539299462,98
2024-09-20 11:34:58.668,426.5112063056572,100
2024-09-20 11:34:58.670,426.477855652369,1005
2024-09-20 11:34:58.682,-426.4591930157405,999
2024-09-20 11:34:58.689,426.5200541282634,97
2024-09-20 11:34:59.978,426.45782475595087,1003
