Timestamp,Price,Size
2024-09-18 13:26:00.328,416.25130617033744,1004
2024-09-18 13:26:00.358,416.2622350422496,8
2024-09-18 13:26:00.835,416.253722099605,98
2024-09-18 13:26:00.868,416.2398326685345,13
2024-09-18 13:26:01.099,416.21781731751975,100
2024-09-18 13:26:01.195,416.2429897641021,7
2024-09-18 13:26:01.231,416.22299378107056,12
2024-09-18 13:26:01.389,416.2448563612506,95
2024-09-18 13:26:01.401,416.223646502174,999
2024-09-18 13:26:01.401,416.26541326244256,6
2024-09-18 13:26:01.463,416.2228765760037,1003
2024-09-18 13:26:01.488,416.22763653355554,1005
2024-09-18 13:26:01.540,416.248443815005,997
2024-09-18 13:26:01.569,416.2273843084079,104
2024-09-18 13:26:01.709,416.2260693639713,1003
2024-09-18 13:26:01.808,416.23684788486327,995
2024-09-18 13:26:01.905,416.24075227713263,1000
2024-09-18 13:26:02.104,416.20843805111366,9
2024-09-18 13:26:02.115,416.2435608449739,1004
2024-09-18 13:26:02.118,416.2642636510246,10
2024-09-18 13:26:02.167,416.2545838585898,11
2024-09-18 13:26:02.280,416.2670905981916,105
2024-09-18 13:26:02.322,416.22064378811547,1005
2024-09-18 13:26:02.341,416.2667140617655,12
2024-09-18 13:26:02.351,416.27776772895936,1002
2024-09-18 13:26:02.366,416.2766659037622,97
2024-09-18 13:26:02.390,416.2337278163122,1002
2024-09-18 13:26:02.390,416.2613881334032,95
2024-09-18 13:26:02.447,416.26109171021113,8
2024-09-18 13:26:02.463,416.2529834743692,103
2024-09-18 13:26:02.486,416.2638410168312,1005
2024-09-18 13:26:02.536,416.2078832263775,1003
2024-09-18 13:26:02.586,416.2792395581324,1002
2024-09-18 13:26:02.614,416.2587629661442,100
2024-09-18 13:26:02.649,416.2262018383256,12
2024-09-18 13:26:02.668,416.238151823224,8
2024-09-18 13:26:02.838,416.2331633123111,98
2024-09-18 13:26:02.841,416.2421654216408,1000
2024-09-18 13:26:02.855,416.2109032957349,8
2024-09-18 13:26:02.875,416.2428387559584,997
2024-09-18 13:26:02.879,416.2605036912786,1002
2024-09-18 13:26:02.929,416.2523289733585,15
2024-09-18 13:26:02.967,416.2119012057512,15
2024-09-18 13:26:03.010,416.1892027131303,1004
2024-09-18 13:26:03.063,416.1942436852247,1001
2024-09-18 13:26:03.186,416.1999035867525,6
2024-09-18 13:26:03.455,416.2395691027813,8
2024-09-18 13:26:03.477,416.2494342187798,100
2024-09-18 13:26:03.582,416.19732029518354,10
2024-09-18 13:26:03.597,416.2021314725737,997
2024-09-18 13:26:03.613,416.2098490756144,10
2024-09-18 13:26:03.660,416.2170627995833,9
2024-09-18 13:26:03.706,416.2124346211917,101
2024-09-18 13:26:03.783,416.2304908145224,1003
2024-09-18 13:26:03.920,416.21713772891593,7
2024-09-18 13:26:03.927,416.22361916450166,7
2024-09-18 13:26:03.989,416.20236071440377,1004
2024-09-18 13:26:04.036,416.2179793845209,101
2024-09-18 13:26:04.110,416.1797083492361,1005
2024-09-18 13:26:04.145,416.2032422915058,12
2024-09-18 13:26:04.183,416.1733982683714,6
2024-09-18 13:26:04.198,416.1961754567063,1002
2024-09-18 13:26:04.198,416.2333229098779,95
2024-09-18 13:26:04.254,416.2174520357771,96
2024-09-18 13:26:04.272,416.245121626658,102
2024-09-18 13:26:04.335,416.18813196295696,12
2024-09-18 13:26:04.385,416.2249677883154,104
2024-09-18 13:26:04.405,416.1365575665412,5
2024-09-18 13:26:04.418,416.1949264599139,101
2024-09-18 13:26:04.441,416.2174696514059,97
2024-09-18 13:26:04.458,416.2186289845311,104
2024-09-18 13:26:04.460,416.107779931608,995
2024-09-18 13:26:04.469,416.2208760438613,8
2024-09-18 13:26:04.586,,1000
2024-09-18 13:26:04.619,416.1252234289056,6
2024-09-18 13:26:04.635,416.1473038281326,95
2024-09-18 13:26:04.688,416.2190975828657,104
2024-09-18 13:26:04.774,416.1956697061411,11
2024-09-18 13:26:04.778,416.2228741098453,15
2024-09-18 13:26:04.802,416.1973278068591,1002
2024-09-18 13:26:04.844,416.22546772082455,96
2024-09-18 13:26:04.847,416.1186011759004,12
2024-09-18 13:26:04.904,416.1736702501803,97
2024-09-18 13:26:04.907,416.2217680788349,104
2024-09-18 13:26:05.454,416.1023962564154,101
2024-09-18 13:26:05.914,416.09965899659295,9
2024-09-18 13:26:06.025,416.059812438318,11
2024-09-18 13:26:06.107,416.044212977917,98
2024-09-18 13:26:06.349,416.059823887594,996
2024-09-18 13:26:06.381,416.04101906131007,105
2024-09-18 13:26:06.436,416.0794955943692,13
2024-09-18 13:26:06.582,416.0444282018712,8
2024-09-18 13:26:06.582,416.054854985474,998
2024-09-18 13:26:06.675,416.04991403503294,997
2024-09-18 13:26:07.041,416.10363304867496,1002
2024-09-18 13:26:07.115,416.0840614728049,102
2024-09-18 13:26:07.119,416.08766971719774,12
2024-09-18 13:26:07.148,416.0982926148223,995
2024-09-18 13:26:07.184,416.055899435966,100
2024-09-18 13:26:07.227,416.0216167116781,102
2024-09-18 13:26:07.274,416.0852477602529,103
2024-09-18 13:26:07.284,416.0141262188075,999
2024-09-18 13:26:07.306,416.0006808124684,7
2024-09-18 13:26:07.340,416.1105608224856,104
2024-09-18 13:26:07.497,416.00650395379984,105
2024-09-18 13:26:07.506,416.0231301943691,10
2024-09-18 13:26:07.525,416.1088676132082,1003
2024-09-18 13:26:07.528,415.9967681998932,103
2024-09-18 13:26:07.543,416.0861296123304,999
2024-09-18 13:26:07.568,416.0456781256007,995
2024-09-18 13:26:07.646,416.1069788659817,1005
2024-09-18 13:26:07.658,416.0777241046546,1003
2024-09-18 13:26:07.715,416.0212836117802,96
2024-09-18 13:26:07.716,416.0105660557419,1001
2024-09-18 13:26:07.832,416.02902260494017,997
2024-09-18 13:26:07.917,416.02917949271375,1001
2024-09-18 13:26:07.965,416.1156872689999,998
2024-09-18 13:26:07.994,416.1114042928117,997
2024-09-18 13:26:07.995,416.0369116484652,104
2024-09-18 13:26:07.999,416.011037713598,995
2024-09-18 13:26:10.058,416.1344504092817,1005
2024-09-18 13:26:10.101,416.0609153438755,997
2024-09-18 13:26:10.110,416.1122448023887,15
2024-09-18 13:26:10.214,416.0508499747063,1004
2024-09-18 13:26:10.233,416.0460360019485,1001
2024-09-18 13:26:10.375,416.1536815240973,97
2024-09-18 13:26:10.411,416.1143230244705,7
2024-09-18 13:26:10.421,416.07209102082015,1004
2024-09-18 13:26:10.451,416.08620314894927,7
2024-09-18 13:26:10.570,416.1767593381248,995
2024-09-18 13:26:10.583,416.0527644797247,101
2024-09-18 13:26:10.623,416.0479830924018,8
2024-09-18 13:26:10.687,416.0844460182964,10
2024-09-18 13:26:10.754,416.1296941927397,13
2024-09-18 13:26:10.790,416.0633497757223,6
2024-09-18 13:26:10.851,416.0884183194332,8
2024-09-18 13:26:10.866,416.13433507899015,6
2024-09-18 13:26:10.971,416.1180516143622,8
2024-09-18 13:26:11.073,416.1700868869834,15
2024-09-18 13:26:11.089,416.1747975017237,1002
2024-09-18 13:26:11.472,416.18035598330425,999
2024-09-18 13:26:11.545,416.1652366707741,99
2024-09-18 13:26:11.769,,1000
2024-09-18 13:26:12.198,416.1882084393322,103
2024-09-18 13:26:12.207,416.1914690746872,1004
2024-09-18 13:26:12.273,416.148355528839,11
2024-09-18 13:26:12.360,416.1648756454696,8
2024-09-18 13:26:12.495,416.1879173403088,1003
2024-09-18 13:26:12.562,416.15533330666426,12
2024-09-18 13:26:12.739,416.16338199129024,1000
2024-09-18 13:26:12.831,416.162624990816,996
2024-09-18 13:26:12.852,416.1878954742848,997
2024-09-18 13:26:12.927,416.1426553718768,10
2024-09-18 13:26:13.050,416.21643689618605,101
2024-09-18 13:26:13.059,416.2048048294154,8
2024-09-18 13:26:13.103,416.1668667940792,14
2024-09-18 13:26:13.127,416.22338567574974,7
2024-09-18 13:26:13.127,416.1271933686821,1001
2024-09-18 13:26:13.144,416.1688028819368,100
2024-09-18 13:26:13.190,416.1282484909478,95
2024-09-18 13:26:13.204,416.15780857205954,9
2024-09-18 13:26:13.204,416.1900985382652,10
2024-09-18 13:26:13.234,416.16215459699725,13
2024-09-18 13:26:13.292,416.2103397117464,99
2024-09-18 13:26:13.423,416.227489051914,995
2024-09-18 13:26:13.446,416.1731126823869,1004
2024-09-18 13:26:13.461,416.23681477669817,10
2024-09-18 13:26:13.529,416.2109532796533,996
2024-09-18 13:26:13.594,416.1875511525602,999
2024-09-18 13:26:13.615,416.1197468930084,1002
2024-09-18 13:26:13.623,416.141527873697,7
2024-09-18 13:26:13.654,416.19526872736265,996
2024-09-18 13:26:13.666,416.19708534075664,1005
2024-09-18 13:26:13.695,416.1508115902905,15
2024-09-18 13:26:13.709,416.15442571693217,12
2024-09-18 13:26:13.732,416.1771998006748,97
2024-09-18 13:26:13.734,416.2178060473664,103
2024-09-18 13:26:13.798,416.1085521954957,14
2024-09-18 13:26:13.892,416.1866740859153,8
2024-09-18 13:26:13.906,416.1271114426697,10
2024-09-18 13:26:13.928,416.12177690328247,1005
2024-09-18 13:26:13.999,416.1758136269141,104
2024-09-18 13:26:14.035,416.11148124517655,95
2024-09-18 13:26:14.072,416.09681923385006,99
2024-09-18 13:26:14.138,-416.1550335556406,12
2024-09-18 13:26:14.171,416.1773619409586,99
2024-09-18 13:26:14.292,416.19541574254384,9
2024-09-18 13:26:14.334,416.1550395103018,15
2024-09-18 13:26:14.387,416.0846047882391,14
2024-09-18 13:26:14.602,416.1797892465351,8
2024-09-18 13:26:14.620,416.192449608871,11
2024-09-18 13:26:14.689,416.1705231304318,97
2024-09-18 13:26:14.751,416.1905613230674,99
2024-09-18 13:26:14.811,416.1953791392901,5
2024-09-18 13:26:14.833,416.17949273363627,995
2024-09-18 13:26:14.895,416.19442650827926,1001
2024-09-18 13:26:14.988,416.1478038699474,999
2024-09-18 13:26:14.997,416.1437634598298,15
2024-09-18 13:26:15.287,416.1088375182265,102
2024-09-18 13:26:15.374,416.0487961861269,99
2024-09-18 13:26:15.565,416.0848887776478,995
2024-09-18 13:26:15.594,416.09460845009096,98
2024-09-18 13:26:15.646,416.0690266464487,1004
2024-09-18 13:26:15.658,416.0974011778293,1000
2024-09-18 13:26:15.729,416.0534093357911,996
2024-09-18 13:26:15.852,416.0754109740361,1000
2024-09-18 13:26:15.852,416.0560062839045,15
2024-09-18 13:26:15.869,416.0586723558532,13
2024-09-18 13:26:15.920,416.0791908397584,1003
2024-09-18 13:26:15.980,416.101304646786,101
2024-09-18 13:26:16.144,416.1029485396068,1005
2024-09-18 13:26:16.212,416.1153870322218,1000
2024-09-18 13:26:16.239,416.10738411924353,1004
2024-09-18 13:26:16.244,416.1062389092394,101
2024-09-18 13:26:16.260,416.1283496424998,101
2024-09-18 13:26:16.366,416.1044767685208,12
2024-09-18 13:26:16.536,416.0978821512948,5
2024-09-18 13:26:16.579,416.1021103949786,98
2024-09-18 13:26:16.690,416.1017145858559,97
2024-09-18 13:26:16.890,416.1020892808284,105
2024-09-18 13:26:16.905,416.117980560032,98
2024-09-18 13:26:16.915,416.11840090477375,1005
2024-09-18 13:26:16.945,416.106366089133,13
2024-09-18 13:26:16.957,416.1353117924324,96
2024-09-18 13:26:18.012,416.0966100870283,104
2024-09-18 13:26:18.179,416.0252957818246,103
2024-09-18 13:26:18.188,416.0272010437114,995
2024-09-18 13:26:18.206,416.0935514504706,96
2024-09-18 13:26:18.223,416.0896604500357,13
2024-09-18 13:26:18.292,416.0102359894012,8
2024-09-18 13:26:18.294,416.0650331956235,10
2024-09-18 13:26:18.328,416.0779289492319,6
2024-09-18 13:26:18.352,416.0570022365712,6
2024-09-18 13:26:18.356,416.089321679816,997
2024-09-18 13:26:18.380,416.09553555289415,10
2024-09-18 13:26:18.432,416.0881161913968,1003
2024-09-18 13:26:18.433,416.0876980677366,11
2024-09-18 13:26:18.527,416.0856835135201,7
2024-09-18 13:26:18.546,416.0771114358935,105
2024-09-18 13:26:18.572,416.0719822215252,7
2024-09-18 13:26:18.595,416.03518048235577,15
2024-09-18 13:26:18.611,416.0509010699093,102
2024-09-18 13:26:18.642,416.0879070103844,10
2024-09-18 13:26:18.752,416.1105327522527,1000
2024-09-18 13:26:18.915,416.01668889234446,102
2024-09-18 13:26:18.927,416.01670917405806,1000
2024-09-18 13:26:18.956,416.0932324432801,98
2024-09-18 13:26:19.038,416.22191184644805,6
2024-09-18 13:26:19.041,416.0645115084821,15
2024-09-18 13:26:19.118,416.1437407829836,995
2024-09-18 13:26:19.199,416.1116167883279,11
2024-09-18 13:26:19.270,416.0751991990159,101
2024-09-18 13:26:19.326,416.18059949143793,1005
2024-09-18 13:26:19.355,416.0444947835147,14
2024-09-18 13:26:19.378,416.0196530923889,103
2024-09-18 13:26:19.499,416.1780053342292,105
2024-09-18 13:26:19.511,416.19240292018026,1000
2024-09-18 13:26:19.520,416.1852938140007,9
2024-09-18 13:26:19.523,416.1213046564076,105
2024-09-18 13:26:19.536,416.10548029648777,7
2024-09-18 13:26:19.539,416.06531541201696,9
2024-09-18 13:26:19.567,416.0983352310282,1000
2024-09-18 13:26:19.585,416.0698759426259,997
2024-09-18 13:26:19.598,416.1744848713895,97
2024-09-18 13:26:19.600,416.0324474879719,15
2024-09-18 13:26:19.703,416.1012758258938,15
2024-09-18 13:26:19.755,416.0908556760393,998
2024-09-18 13:26:19.765,416.047055818325,102
2024-09-18 13:26:19.783,416.0803111827529,1005
2024-09-18 13:26:19.870,416.1020147313665,10
2024-09-18 13:26:19.891,416.10479919559504,1000
2024-09-18 13:26:19.916,416.0919490159051,102
2024-09-18 13:26:19.927,416.1744909626304,999
2024-09-18 13:26:20.261,416.1501369951632,6
2024-09-18 13:26:20.313,416.1980902632749,102
2024-09-18 13:26:20.484,416.1505040079643,1004
2024-09-18 13:26:20.500,416.2133482792118,1002
2024-09-18 13:26:20.822,416.2026230078355,995
2024-09-18 13:26:20.843,416.1692960599219,1000
2024-09-18 13:26:20.853,416.1763724846488,999
2024-09-18 13:26:20.880,416.2258133486716,105
2024-09-18 13:26:20.967,416.160466662801,1004
2024-09-18 13:26:21.000,416.1803865113513,15
2024-09-18 13:26:21.047,416.1407940106904,13
2024-09-18 13:26:21.060,416.1791498048836,997
2024-09-18 13:26:21.062,416.1832253325336,105
2024-09-18 13:26:21.125,416.2179954661852,97
2024-09-18 13:26:21.138,416.2042988882087,1005
2024-09-18 13:26:21.151,416.150269117017,10
2024-09-18 13:26:21.188,416.1611762899221,999
2024-09-18 13:26:21.256,416.205874630336,996
2024-09-18 13:26:21.273,416.1683382059693,96
2024-09-18 13:26:21.366,416.21156189522753,105
2024-09-18 13:26:21.385,416.2175162345995,98
2024-09-18 13:26:21.412,416.1467196815038,15
2024-09-18 13:26:21.482,416.1977415593552,9
2024-09-18 13:26:21.547,416.13573034242864,999
2024-09-18 13:26:21.556,416.14051496459393,103
2024-09-18 13:26:21.562,416.20579882290383,103
2024-09-18 13:26:21.663,416.17152826837446,102
2024-09-18 13:26:21.677,416.1942953338812,997
2024-09-18 13:26:21.689,41.62097856579229,99
2024-09-18 13:26:21.706,416.1979807162598,7
2024-09-18 13:26:21.805,416.1954582634304,5
2024-09-18 13:26:21.813,416.1721096705441,14
2024-09-18 13:26:21.833,416.16483156344015,1000
2024-09-18 13:26:21.834,416.1844744127208,1000
2024-09-18 13:26:21.866,416.1489416281316,1003
2024-09-18 13:26:21.890,416.1818188251195,1001
2024-09-18 13:26:21.928,416.1612426651866,99
2024-09-18 13:26:21.951,416.17609792209134,103
2024-09-18 13:26:21.994,416.1547625403961,101
2024-09-18 13:26:22.036,416.167658958418,98
2024-09-18 13:26:22.060,416.1688246741109,97
2024-09-18 13:26:22.186,416.1779381921514,95
2024-09-18 13:26:22.196,416.1801673861119,102
2024-09-18 13:26:22.228,416.15946142865175,1001
2024-09-18 13:26:22.235,416.1631701520524,105
2024-09-18 13:26:22.261,416.1691141554878,7
2024-09-18 13:26:22.281,416.1684984985338,11
2024-09-18 13:26:22.283,416.1667539162213,1004
2024-09-18 13:26:22.344,416.15860167098697,997
2024-09-18 13:26:22.402,416.1854806562768,1005
2024-09-18 13:26:22.415,416.1572373287661,6
2024-09-18 13:26:22.498,416.17226139346144,97
2024-09-18 13:26:22.504,416.1717553987597,998
2024-09-18 13:26:22.507,416.1751360503031,8
2024-09-18 13:26:22.517,416.1712109917769,14
2024-09-18 13:26:22.622,416.1735295464518,998
2024-09-18 13:26:22.675,416.16685565277066,998
2024-09-18 13:26:22.795,,95
2024-09-18 13:26:22.826,416.15996537607634,97
2024-09-18 13:26:22.877,416.1665197552165,99
2024-09-18 13:26:22.904,416.168977435,14
2024-09-18 13:26:22.963,416.15838317056415,11
2024-09-18 13:26:22.989,416.17194170703976,995
2024-09-18 13:26:23.023,416.1629015246935,998
2024-09-18 13:26:23.109,416.1661926978418,104
2024-09-18 13:26:23.350,416.1630276400549,97
2024-09-18 13:26:23.441,416.16457861207135,996
2024-09-18 13:26:23.460,41.61484514211903,100
2024-09-18 13:26:23.653,416.1643494096251,14
2024-09-18 13:26:23.661,416.16238053235287,1004
2024-09-18 13:26:23.706,416.14624594139485,102
2024-09-18 13:26:23.813,416.1632075396299,5
2024-09-18 13:26:24.141,416.1499529799469,105
2024-09-18 13:26:24.226,416.1858332167471,95
2024-09-18 13:26:24.284,416.1832198975235,9
2024-09-18 13:26:24.285,-416.1390944325589,104
2024-09-18 13:26:24.414,416.20069365803175,15
2024-09-18 13:26:24.472,416.2371917647199,999
2024-09-18 13:26:24.502,416.17980912368495,100
2024-09-18 13:26:24.542,416.1978145459772,999
2024-09-18 13:26:24.586,416.17403515474064,995
2024-09-18 13:26:24.670,416.1836000383754,6
2024-09-18 13:26:24.682,416.14224040494,9
2024-09-18 13:26:24.860,416.18489244734985,6
2024-09-18 13:26:25.073,416.19532233026655,1003
2024-09-18 13:26:25.078,416.2093170815828,10
2024-09-18 13:26:25.115,416.18574486600016,13
2024-09-18 13:26:25.186,416.20406148519896,12
2024-09-18 13:26:25.195,416.195685377605,7
2024-09-18 13:26:25.201,416.2140094375231,11
2024-09-18 13:26:25.221,416.2197907576373,96
2024-09-18 13:26:25.315,416.2123372306872,101
2024-09-18 13:26:25.317,416.21924352382297,103
2024-09-18 13:26:25.350,416.2036204891791,1001
2024-09-18 13:26:25.437,416.2144232603646,13
2024-09-18 13:26:25.483,416.2139876019274,1002
2024-09-18 13:26:25.514,416.1950533013042,13
2024-09-18 13:26:25.550,416.2213426948662,1000
2024-09-18 13:26:25.560,416.19592908435527,10
2024-09-18 13:26:25.575,416.1977123270788,10
2024-09-18 13:26:25.584,416.2014522193998,105
2024-09-18 13:26:25.584,,100
2024-09-18 13:26:25.641,416.2035213128481,13
2024-09-18 13:26:25.721,416.2026286328573,15
2024-09-18 13:26:25.762,416.1994931371162,96
2024-09-18 13:26:25.774,416.22302744147817,996
2024-09-18 13:26:25.847,416.19375836415054,996
2024-09-18 13:26:25.873,416.2222888819668,102
2024-09-18 13:26:25.877,416.2052480331475,98
2024-09-18 13:26:25.961,41.61808643785148,11
2024-09-18 13:26:27.191,416.2178126199474,10
2024-09-18 13:26:27.201,416.2134258457799,1002
2024-09-18 13:26:28.001,416.2790838325221,99
2024-09-18 13:26:28.008,416.2787651234931,1002
2024-09-18 13:26:28.064,416.2677023614041,1003
2024-09-18 13:26:28.092,416.2441274831425,104
2024-09-18 13:26:28.169,416.2700587842359,6
2024-09-18 13:26:28.252,416.2637393679551,104
2024-09-18 13:26:28.383,416.2395954222959,1004
2024-09-18 13:26:28.510,416.24782921588127,6
2024-09-18 13:26:28.640,416.2306262606117,13
2024-09-18 13:26:28.698,416.2427871563873,1005
2024-09-18 13:26:28.779,416.2399198650724,96
2024-09-18 13:26:28.794,416.28125697047,104
2024-09-18 13:26:28.829,416.2551490422173,96
2024-09-18 13:26:29.011,416.2847418121382,996
2024-09-18 13:26:29.017,416.26713310703406,104
2024-09-18 13:26:29.025,416.2551377730452,10
2024-09-18 13:26:29.030,416.3195345680376,99
2024-09-18 13:26:29.051,416.2838067569106,1003
2024-09-18 13:26:29.250,416.2542251062271,102
2024-09-18 13:26:29.251,416.2704648618725,1003
2024-09-18 13:26:29.282,416.3039685971464,1000
2024-09-18 13:26:29.301,416.3046876253509,10
2024-09-18 13:26:29.308,416.2951821975032,5
2024-09-18 13:26:29.317,416.282610468245,1002
2024-09-18 13:26:29.404,416.2716655847671,999
2024-09-18 13:26:29.529,416.292681503354,1005
2024-09-18 13:26:29.578,416.2379253452004,100
2024-09-18 13:26:29.604,416.26254846647385,15
2024-09-18 13:26:29.691,416.24917500924624,100
2024-09-18 13:26:29.716,416.3043699172574,1004
2024-09-18 13:26:29.736,416.29930351305575,101
2024-09-18 13:26:29.897,416.2767311017273,996
2024-09-18 13:26:29.972,416.2823469404429,1003
2024-09-18 13:26:30.036,416.26279696515087,6
2024-09-18 13:26:30.134,416.33746517328734,1001
2024-09-18 13:26:30.164,416.274825411417,1002
2024-09-18 13:26:30.177,416.26957626578667,1004
2024-09-18 13:26:30.248,416.3338773844791,8
2024-09-18 13:26:30.408,416.3365121598093,97
2024-09-18 13:26:30.409,416.2847487513216,7
2024-09-18 13:26:30.418,416.33281165878793,999
2024-09-18 13:26:30.469,416.32271591918527,997
2024-09-18 13:26:30.530,416.3330173364389,9
2024-09-18 13:26:30.541,416.3117335553289,96
2024-09-18 13:26:30.659,416.3093455146569,102
2024-09-18 13:26:30.821,416.282447828106,12
2024-09-18 13:26:30.910,-416.3159888229452,1005
2024-09-18 13:26:31.004,416.2605358090728,1003
2024-09-18 13:26:31.064,416.2668917831709,999
2024-09-18 13:26:31.214,416.2583522609202,1002
2024-09-18 13:26:31.286,416.2501595846114,6
2024-09-18 13:26:31.295,416.2564309286419,998
2024-09-18 13:26:31.324,416.2841441638748,97
2024-09-18 13:26:31.324,416.258838579136,1001
2024-09-18 13:26:31.328,416.2544297966497,97
2024-09-18 13:26:31.370,416.2488871109416,995
2024-09-18 13:26:31.378,416.25125848140834,105
2024-09-18 13:26:31.398,416.2568000067147,97
2024-09-18 13:26:31.441,416.236181820824,996
2024-09-18 13:26:31.517,416.2629792921804,998
2024-09-18 13:26:31.530,416.23814785523007,98
2024-09-18 13:26:31.549,416.2357038847002,998
2024-09-18 13:26:31.592,416.2584709569815,6
2024-09-18 13:26:31.630,416.25012491524143,105
2024-09-18 13:26:31.666,416.2339309078615,98
2024-09-18 13:26:31.856,416.2670018781282,98
2024-09-18 13:26:31.857,416.2355422773758,6
2024-09-18 13:26:31.865,416.2424733008587,1001
2024-09-18 13:26:31.975,416.25243348034695,15
2024-09-18 13:26:32.007,416.1380581969527,95
2024-09-18 13:26:32.012,416.2114171182545,103
2024-09-18 13:26:32.039,416.1482671266708,5
2024-09-18 13:26:32.148,416.1525869910154,997
2024-09-18 13:26:32.217,416.1501210019342,101
2024-09-18 13:26:32.232,416.162661715715,1003
2024-09-18 13:26:32.243,416.22404129317255,13
2024-09-18 13:26:32.268,416.14271463905897,102
2024-09-18 13:26:32.298,416.14121286786553,1000
2024-09-18 13:26:32.309,416.2485123181369,13
2024-09-18 13:26:32.374,416.1441144736007,13
2024-09-18 13:26:32.390,416.1280950197808,9
2024-09-18 13:26:32.401,416.1317499500609,1005
2024-09-18 13:26:32.491,416.20670535615193,10
2024-09-18 13:26:32.536,416.17522844636494,104
2024-09-18 13:26:32.545,416.2344801820236,105
2024-09-18 13:26:32.607,416.15062133771534,1001
2024-09-18 13:26:32.608,416.13427742263855,101
2024-09-18 13:26:32.657,416.1921957557012,1001
2024-09-18 13:26:32.739,416.22651592558816,1005
2024-09-18 13:26:32.809,416.213050536117,95
2024-09-18 13:26:32.822,416.2209729339921,1003
2024-09-18 13:26:32.838,416.13600641150623,104
2024-09-18 13:26:32.950,416.1379432393259,14
2024-09-18 13:26:33.033,416.1347544818164,8
2024-09-18 13:26:33.135,,1000
2024-09-18 13:26:33.214,416.1393129988437,1002
2024-09-18 13:26:33.243,416.1099972491023,997
2024-09-18 13:26:33.274,416.1323759840557,12
2024-09-18 13:26:33.279,416.10997654141545,999
2024-09-18 13:26:33.362,416.1273385230011,995
2024-09-18 13:26:33.381,416.1288254133027,104
2024-09-18 13:26:33.398,416.1285770481349,6
2024-09-18 13:26:33.499,416.1334680555847,997
2024-09-18 13:26:33.522,416.1124391328788,15
2024-09-18 13:26:33.625,416.1342743587061,96
2024-09-18 13:26:33.673,416.1324669546687,1004
2024-09-18 13:26:33.730,416.15359922686815,1000
2024-09-18 13:26:33.738,416.1355383349057,13
2024-09-18 13:26:33.850,416.0939845282678,15
2024-09-18 13:26:33.930,416.1275934863685,996
2024-09-18 13:26:33.937,416.1374400447756,99
2024-09-18 13:26:33.992,416.1331848045783,1004
2024-09-18 13:26:34.107,416.0913705906689,1005
2024-09-18 13:26:34.293,416.0848909478074,103
2024-09-18 13:26:34.303,416.10194480227767,9
2024-09-18 13:26:34.863,416.07153219767497,104
2024-09-18 13:26:34.869,416.1189520380636,104
2024-09-18 13:26:36.044,416.1282282932141,10
2024-09-18 13:26:36.064,416.1247635190283,5
2024-09-18 13:26:36.104,416.1798736999751,1003
2024-09-18 13:26:36.138,416.1310119504266,1005
2024-09-18 13:26:36.168,416.1245338935644,1005
2024-09-18 13:26:36.255,,1004
2024-09-18 13:26:36.456,41.61352851574402,1002
2024-09-18 13:26:36.457,416.1287685157359,12
2024-09-18 13:26:36.462,416.1778976763204,100
2024-09-18 13:26:36.499,416.113418018665,100
2024-09-18 13:26:36.553,416.1705481186284,995
2024-09-18 13:26:36.582,416.1498991767463,5
2024-09-18 13:26:36.633,416.1688134980429,996
2024-09-18 13:26:36.669,416.15505554502977,1004
2024-09-18 13:26:36.678,416.1776604215066,5
2024-09-18 13:26:36.709,416.1130657373361,8
2024-09-18 13:26:36.729,416.1376673651992,13
2024-09-18 13:26:36.889,416.17215148750887,15
2024-09-18 13:26:36.923,416.1306639943824,97
2024-09-18 13:26:37.025,416.14263730111054,1003
2024-09-18 13:26:37.093,416.1631606116584,100
2024-09-18 13:26:37.223,416.2289523303554,105
2024-09-18 13:26:37.227,416.1462087741935,13
2024-09-18 13:26:37.286,416.1455222419453,98
2024-09-18 13:26:37.294,416.1270209143273,997
2024-09-18 13:26:37.320,416.22254682889,1000
2024-09-18 13:26:37.334,416.1553059281076,7
2024-09-18 13:26:37.397,416.1536350427059,10
2024-09-18 13:26:37.401,416.1986439826604,100
2024-09-18 13:26:37.487,416.2095319453857,8
2024-09-18 13:26:37.593,416.1973805856349,996
2024-09-18 13:26:37.601,416.17849491227616,998
2024-09-18 13:26:37.647,416.1590185009805,95
2024-09-18 13:26:37.667,416.2130663974375,5
2024-09-18 13:26:37.677,416.1669914819654,11
2024-09-18 13:26:37.691,416.2339828070139,7
2024-09-18 13:26:37.790,416.20791657016633,998
2024-09-18 13:26:37.794,416.20250998329146,105
2024-09-18 13:26:37.848,416.2022783771238,1004
2024-09-18 13:26:37.906,416.1165769542264,1001
2024-09-18 13:26:37.955,416.1646199460468,101
2024-09-18 13:26:38.386,416.2459184841161,1002
2024-09-18 13:26:38.522,416.2495356878828,1004
2024-09-18 13:26:38.664,,11
2024-09-18 13:26:38.854,416.214419614966,98
2024-09-18 13:26:39.137,416.2423790874532,100
2024-09-18 13:26:39.475,416.23383885506473,996
2024-09-18 13:26:39.732,416.2499296884518,1003
2024-09-18 13:26:39.748,416.239259179839,100
2024-09-18 13:26:39.884,416.2305116566129,1004
2024-09-18 13:26:39.993,416.22972049378376,998
2024-09-18 13:26:40.052,416.24265873732776,6
2024-09-18 13:26:40.190,416.2376661495888,995
2024-09-18 13:26:40.302,416.2512435328466,5
2024-09-18 13:26:40.367,41.62463661254888,5
2024-09-18 13:26:40.407,416.247849522002,1003
2024-09-18 13:26:40.411,416.23511290205937,13
2024-09-18 13:26:40.442,416.24301484187686,100
2024-09-18 13:26:40.523,416.2465581124084,11
2024-09-18 13:26:40.731,41.62419420843423,103
2024-09-18 13:26:40.735,416.2393290348477,999
2024-09-18 13:26:40.925,416.2380370012686,10
2024-09-18 13:26:42.316,416.23833343182594,1000
2024-09-18 13:26:42.371,416.24850837395326,1003
2024-09-18 13:26:42.388,416.2639546335741,98
2024-09-18 13:26:42.421,416.24149597760766,101
2024-09-18 13:26:42.510,416.2295498263643,6
2024-09-18 13:26:42.511,416.2543878920088,1000
2024-09-18 13:26:42.533,416.2535461587989,6
2024-09-18 13:26:42.625,416.26436295676274,104
2024-09-18 13:26:42.697,416.2586480709196,1001
2024-09-18 13:26:42.778,416.2311960373761,996
2024-09-18 13:26:42.953,416.23104419875983,98
2024-09-18 13:26:42.961,416.22550233786535,15
2024-09-18 13:26:43.031,416.2368370151901,1003
2024-09-18 13:26:43.076,416.2485967677363,97
2024-09-18 13:26:43.137,416.2695982091467,11
2024-09-18 13:26:43.177,416.2318580201643,98
2024-09-18 13:26:43.201,416.27523323775495,96
2024-09-18 13:26:43.205,41.626925270541385,1002
2024-09-18 13:26:43.291,41.62558924808816,1002
2024-09-18 13:26:43.292,416.2572193437912,6
2024-09-18 13:26:43.441,416.2490971506038,105
2024-09-18 13:26:43.488,416.2697332468306,1003
2024-09-18 13:26:43.494,416.2243142342942,995
2024-09-18 13:26:43.509,416.3014206298446,15
2024-09-18 13:26:43.596,416.2719413822008,96
2024-09-18 13:26:43.609,416.2662951665139,12
2024-09-18 13:26:43.644,416.2688778043779,1001
2024-09-18 13:26:43.672,416.2596805333966,1002
2024-09-18 13:26:43.678,416.2899403463156,101
2024-09-18 13:26:43.700,416.27903816273306,997
2024-09-18 13:26:43.734,416.2602256231542,14
2024-09-18 13:26:43.865,416.24274439024464,999
2024-09-18 13:26:43.872,416.2528033401899,1003
2024-09-18 13:26:43.875,416.3037396706179,1004
2024-09-18 13:26:43.899,416.2527331772922,11
2024-09-18 13:26:43.961,416.2599532079468,95
2024-09-18 13:26:43.966,41.62467699701066,103
2024-09-18 13:26:44.129,416.3082792122549,97
2024-09-18 13:26:44.134,416.29958404868887,98
2024-09-18 13:26:44.141,416.30121351666696,7
2024-09-18 13:26:44.171,,1002
2024-09-18 13:26:44.201,416.3003758165278,96
2024-09-18 13:26:44.316,416.3042367033612,10
2024-09-18 13:26:44.358,416.2958612175166,97
2024-09-18 13:26:44.649,416.2997333334697,11
2024-09-18 13:26:45.326,416.249291213117,104
2024-09-18 13:26:45.374,416.2819047994636,12
2024-09-18 13:26:45.396,416.2450299836814,11
2024-09-18 13:26:45.469,416.2431425134076,95
2024-09-18 13:26:45.511,416.2769363336714,105
2024-09-18 13:26:45.533,416.2559534508602,97
2024-09-18 13:26:45.564,416.2750030745176,5
2024-09-18 13:26:45.642,416.2765481163257,1005
2024-09-18 13:26:45.649,416.2300102938197,998
2024-09-18 13:26:45.660,416.2542628962564,8
2024-09-18 13:26:45.668,416.24760760229054,103
2024-09-18 13:26:45.675,41.62792118252846,102
2024-09-18 13:26:45.716,416.2775867971644,100
2024-09-18 13:26:45.818,416.2905694633378,1000
2024-09-18 13:26:45.827,416.2457084600895,11
2024-09-18 13:26:45.871,416.2838867701519,996
2024-09-18 13:26:45.909,416.2638919797557,1001
2024-09-18 13:26:45.981,416.2835736661932,97
2024-09-18 13:26:45.997,416.2550032162609,100
2024-09-18 13:26:46.144,416.2470679904823,1003
2024-09-18 13:26:46.186,416.2678771083932,9
2024-09-18 13:26:46.187,416.2735844602453,102
2024-09-18 13:26:46.247,416.2657165852275,1001
2024-09-18 13:26:46.260,416.2699068680855,1001
2024-09-18 13:26:46.281,416.2249020308057,13
2024-09-18 13:26:46.297,416.26084310557576,96
2024-09-18 13:26:46.372,416.2697189786151,96
2024-09-18 13:26:46.446,416.2653774896903,1001
2024-09-18 13:26:46.452,416.25501911709904,999
2024-09-18 13:26:46.463,416.2554973954898,101
2024-09-18 13:26:46.490,416.220069298472,103
2024-09-18 13:26:46.502,416.2063396600313,1004
2024-09-18 13:26:46.552,416.2556129770981,1000
2024-09-18 13:26:46.660,416.2586911167375,98
2024-09-18 13:26:46.665,416.2230154010057,13
2024-09-18 13:26:46.740,416.26127273216974,13
2024-09-18 13:26:46.749,416.2831050123754,104
2024-09-18 13:26:46.775,416.2126025130488,9
2024-09-18 13:26:46.788,416.273518289707,102
2024-09-18 13:26:46.869,416.25263401167285,5
2024-09-18 13:26:46.878,416.2648972393419,1002
2024-09-18 13:26:46.881,416.261209364887,100
2024-09-18 13:26:46.928,416.27446254090376,996
2024-09-18 13:26:47.072,416.1863742728981,999
2024-09-18 13:26:47.144,416.193146554878,99
2024-09-18 13:26:47.174,416.1664682218092,15
2024-09-18 13:26:47.218,416.06516724380816,102
2024-09-18 13:26:47.237,416.0928975391122,100
2024-09-18 13:26:47.243,416.163412233162,995
2024-09-18 13:26:47.244,416.15268008945,1003
2024-09-18 13:26:47.253,416.1089391676836,5
2024-09-18 13:26:47.256,416.0648003999303,10
2024-09-18 13:26:47.278,416.1346942831076,5
2024-09-18 13:26:47.281,416.0723050051943,998
2024-09-18 13:26:47.292,416.1811067094768,1002
2024-09-18 13:26:47.338,416.1877298876902,98
2024-09-18 13:26:47.344,416.1640510789773,1004
2024-09-18 13:26:47.461,416.1867987520248,102
2024-09-18 13:26:47.499,416.1618712068947,97
2024-09-18 13:26:47.506,416.1948785213016,100
2024-09-18 13:26:47.515,416.0901371091651,997
2024-09-18 13:26:47.532,416.1044120640073,10
2024-09-18 13:26:47.612,416.08826901024617,103
2024-09-18 13:26:47.658,416.1936451021886,14
2024-09-18 13:26:47.737,416.17930902005895,999
2024-09-18 13:26:47.895,416.121516326479,103
2024-09-18 13:26:48.001,416.0757698359106,8
2024-09-18 13:26:48.137,416.0741058610951,996
2024-09-18 13:26:48.143,416.04658599852337,97
2024-09-18 13:26:48.277,416.0576380681354,996
2024-09-18 13:26:48.300,416.0694218919501,98
2024-09-18 13:26:48.725,-416.0730878515797,102
2024-09-18 13:26:48.766,416.0623539253734,999
2024-09-18 13:26:49.044,416.0590942451755,14
2024-09-18 13:26:49.063,415.999865526521,996
2024-09-18 13:26:49.128,416.018073632006,5
2024-09-18 13:26:49.134,416.0343976534533,1001
2024-09-18 13:26:49.209,416.0583523806475,12
2024-09-18 13:26:49.291,416.0273267502533,6
2024-09-18 13:26:49.398,415.99163783977065,105
2024-09-18 13:26:49.599,416.0668525518101,996
2024-09-18 13:26:49.709,416.04409249204446,100
2024-09-18 13:26:49.744,416.06933682969975,102
2024-09-18 13:26:49.771,415.98203725834907,99
2024-09-18 13:26:49.882,416.0257684226103,1005
2024-09-18 13:26:50.067,416.0050484014199,998
2024-09-18 13:26:50.106,416.0088284247691,5
2024-09-18 13:26:50.156,416.0365886822824,11
2024-09-18 13:26:50.158,416.0288995731823,98
2024-09-18 13:26:50.190,416.0286205679416,102
2024-09-18 13:26:50.223,415.9948648403209,12
2024-09-18 13:26:50.231,416.0070341855365,104
2024-09-18 13:26:50.273,416.0359864292357,10
2024-09-18 13:26:50.292,416.0240869100414,999
2024-09-18 13:26:50.313,416.0318140878808,105
2024-09-18 13:26:50.433,415.9997439567541,103
2024-09-18 13:26:50.437,416.0247839917657,999
2024-09-18 13:26:50.455,416.02994779739,15
2024-09-18 13:26:50.458,41.603392262995726,99
2024-09-18 13:26:50.464,416.0059393656764,996
2024-09-18 13:26:50.465,416.04223891953166,12
2024-09-18 13:26:50.520,-416.0145204697368,95
2024-09-18 13:26:50.528,416.03446589126384,1005
2024-09-18 13:26:50.554,-415.9904817162691,10
2024-09-18 13:26:50.635,416.0245850240073,998
2024-09-18 13:26:50.671,416.0328554214945,10
2024-09-18 13:26:50.684,416.0332506050439,9
2024-09-18 13:26:50.700,416.018006739394,9
2024-09-18 13:26:50.713,416.0071897879953,7
2024-09-18 13:26:50.714,415.99241160435,102
2024-09-18 13:26:50.812,416.02747812965134,11
2024-09-18 13:26:50.923,416.0069426991632,12
2024-09-18 13:26:51.531,416.006564451528,98
2024-09-18 13:26:52.030,415.9046985018781,1002
2024-09-18 13:26:52.087,415.9097511168304,100
2024-09-18 13:26:52.134,416.01407614629807,996
2024-09-18 13:26:52.173,415.9392243621265,999
2024-09-18 13:26:52.192,415.9234758476078,13
2024-09-18 13:26:52.229,415.9228683773657,102
2024-09-18 13:26:52.300,415.8960536490322,995
2024-09-18 13:26:52.317,415.9353900712008,996
2024-09-18 13:26:52.415,415.9630969124219,1001
2024-09-18 13:26:52.423,415.9231741827324,7
2024-09-18 13:26:52.491,415.8897405329078,96
2024-09-18 13:26:52.508,415.96611503314375,13
2024-09-18 13:26:52.509,415.9764287497607,1001
2024-09-18 13:26:52.564,415.9914566666962,997
2024-09-18 13:26:52.599,415.8804033826371,6
2024-09-18 13:26:52.647,415.8985986412102,9
2024-09-18 13:26:52.661,415.9896173419232,1001
2024-09-18 13:26:52.700,415.89041268494896,5
2024-09-18 13:26:52.722,415.8866893904488,7
2024-09-18 13:26:52.751,415.9354792962928,1005
2024-09-18 13:26:52.778,415.88894353905977,1004
2024-09-18 13:26:52.873,415.8866874127924,99
2024-09-18 13:26:52.907,415.8916966850583,15
2024-09-18 13:26:52.909,415.9216167225949,98
2024-09-18 13:26:52.938,415.89853261321485,1002
2024-09-18 13:26:52.975,415.9445379791666,1003
2024-09-18 13:26:52.982,415.9565391457946,995
2024-09-18 13:26:52.990,415.95191325979295,9
2024-09-18 13:26:53.074,415.8963499314526,1005
2024-09-18 13:26:53.112,415.8971503173484,1005
2024-09-18 13:26:53.145,415.89989148017,101
2024-09-18 13:26:53.176,415.895985571,1005
2024-09-18 13:26:53.338,415.9107810929116,999
2024-09-18 13:26:53.442,415.89164637407873,997
2024-09-18 13:26:53.552,415.88898848502055,95
2024-09-18 13:26:53.664,415.8901736050785,6
2024-09-18 13:26:53.725,415.90768043007137,1005
2024-09-18 13:26:53.817,415.89418898082977,1005
2024-09-18 13:26:53.859,415.8952144974916,104
2024-09-18 13:26:53.893,415.8968664038102,1002
2024-09-18 13:26:53.902,415.8801519261168,1002
2024-09-18 13:26:53.993,415.8958049703135,11
2024-09-18 13:26:54.049,415.94828031887374,95
2024-09-18 13:26:54.077,415.93641421132565,6
2024-09-18 13:26:54.077,415.944495168191,15
2024-09-18 13:26:54.122,415.9356470321642,99
2024-09-18 13:26:54.241,415.9238212800186,1004
2024-09-18 13:26:54.424,415.9200174092238,996
2024-09-18 13:26:54.439,415.9280508008192,6
2024-09-18 13:26:54.464,415.9288867885974,5
2024-09-18 13:26:54.500,415.9140930999174,10
2024-09-18 13:26:54.590,415.9418884078687,1000
2024-09-18 13:26:54.873,415.90012167482064,995
2024-09-18 13:26:54.953,415.9407543528283,101
2024-09-18 13:26:54.975,415.93485432763856,102
2024-09-18 13:26:55.172,415.9930057317963,98
2024-09-18 13:26:55.215,416.0024629591031,10
2024-09-18 13:26:55.230,416.0487290358298,1001
2024-09-18 13:26:55.240,416.0323514048295,10
2024-09-18 13:26:55.274,415.9869823244272,997
2024-09-18 13:26:55.307,415.9841940821025,102
2024-09-18 13:26:55.433,416.04713805543736,1002
2024-09-18 13:26:55.513,416.0382753447224,102
2024-09-18 13:26:55.541,416.0420655247032,998
2024-09-18 13:26:55.632,415.9647541129077,5
2024-09-18 13:26:55.639,416.00368366524106,1004
2024-09-18 13:26:55.826,416.0094938757424,10
2024-09-18 13:26:55.919,415.9757981046466,103
2024-09-18 13:26:55.922,416.0015795079099,102
2024-09-18 13:26:55.933,-415.99371817578697,101
2024-09-18 13:26:55.936,416.0213075555012,15
2024-09-18 13:26:55.960,416.05679215633614,11
2024-09-18 13:26:55.960,416.0052525259408,98
2024-09-18 13:26:56.037,416.0262150051569,996
2024-09-18 13:26:56.078,415.9825749916691,10
2024-09-18 13:26:56.126,415.9816413426584,13
2024-09-18 13:26:56.138,415.9988759886745,1002
2024-09-18 13:26:56.196,416.005217795554,997
2024-09-18 13:26:56.255,416.0054396395431,11
2024-09-18 13:26:56.264,416.0017460020405,101
2024-09-18 13:26:56.269,416.022059553098,14
2024-09-18 13:26:56.498,416.0161975067454,5
2024-09-18 13:26:56.534,416.0504444576245,1004
2024-09-18 13:26:56.547,416.0748371922665,9
2024-09-18 13:26:56.550,416.0222287729006,13
2024-09-18 13:26:56.611,416.0101170476331,13
2024-09-18 13:26:56.622,416.0070613786807,96
2024-09-18 13:26:56.648,416.030270020096,103
2024-09-18 13:26:56.707,415.98336911258906,6
2024-09-18 13:26:56.719,416.01438143722737,98
2024-09-18 13:26:56.755,416.0518936334514,9
2024-09-18 13:26:56.778,415.9948202992455,1001
2024-09-18 13:26:56.791,416.04342241281233,98
2024-09-18 13:26:56.809,416.0581708302047,7
2024-09-18 13:26:56.817,415.9931003664087,1000
2024-09-18 13:26:56.891,416.021399966708,15
2024-09-18 13:26:56.944,-416.02281105742566,15
2024-09-18 13:26:56.959,416.0453318476265,101
2024-09-18 13:26:57.658,416.0550835523832,12
2024-09-18 13:26:57.687,416.0415500863151,995
2024-09-18 13:26:57.709,416.0651077761663,998
2024-09-18 13:26:57.715,416.0467959591412,1005
2024-09-18 13:26:57.787,416.0657292512816,1003
2024-09-18 13:26:57.865,416.03217250307074,8
2024-09-18 13:26:57.932,416.058941369781,96
2024-09-18 13:26:57.982,416.0446823010413,996
2024-09-18 13:26:58.087,416.0018039745451,1000
2024-09-18 13:26:58.103,416.0022191997037,997
2024-09-18 13:26:58.153,415.98419774404624,98
2024-09-18 13:26:58.369,416.02506628030767,6
2024-09-18 13:26:58.454,416.0263493496254,100
2024-09-18 13:26:58.454,415.9856459595748,105
2024-09-18 13:26:58.466,416.0043689644139,102
2024-09-18 13:26:58.577,415.9792071039725,104
2024-09-18 13:26:58.714,415.9972130708109,998
2024-09-18 13:26:58.806,-416.0299046271321,98
2024-09-18 13:26:58.808,415.9985440187523,96
2024-09-18 13:26:58.832,416.00326390287904,95
2024-09-18 13:26:58.835,415.9986712160774,1000
2024-09-18 13:26:58.844,415.9771577293201,6
2024-09-18 13:26:58.852,416.0238039233727,14
2024-09-18 13:26:58.896,415.9992735598186,1004
2024-09-18 13:26:58.908,416.0063170292036,996
2024-09-18 13:26:59.010,416.0010824976268,999
2024-09-18 13:26:59.024,416.0526287561815,11
2024-09-18 13:26:59.121,415.9834866482999,11
2024-09-18 13:26:59.138,416.04520386024814,97
2024-09-18 13:26:59.150,415.9954967014367,102
2024-09-18 13:26:59.280,416.07378521705226,98
2024-09-18 13:26:59.322,416.0794581649183,102
2024-09-18 13:26:59.326,416.068835302069,995
2024-09-18 13:26:59.354,415.9648793797546,95
2024-09-18 13:26:59.417,415.954703100033,5
2024-09-18 13:26:59.440,416.003838193894,15
2024-09-18 13:26:59.442,415.997550143784,8
2024-09-18 13:26:59.505,416.0664415124156,1005
2024-09-18 13:26:59.524,415.9912927367951,15
2024-09-18 13:26:59.563,415.9751342090552,12
2024-09-18 13:26:59.645,416.0460937582008,998
2024-09-18 13:26:59.717,415.9930459074446,103
2024-09-18 13:26:59.734,415.9965286707708,98
2024-09-18 13:26:59.758,415.94960107109904,98
2024-09-18 13:26:59.782,416.0641733912093,6
2024-09-18 13:26:59.810,416.06260932852433,1003
2024-09-18 13:26:59.816,415.96747125643367,1001
2024-09-18 13:26:59.845,415.9705456870775,5
2024-09-18 13:26:59.891,415.9957114438724,102
2024-09-18 13:26:59.898,416.0138810526376,6
2024-09-18 13:26:59.902,416.0212040299934,1000
2024-09-18 13:26:59.917,416.07741049450505,97
2024-09-18 13:26:59.931,,13
2024-09-18 13:26:59.939,416.0264245859991,997
