Timestamp,Price,Size
2024-09-16 12:52:00.116,416.5778195335007,6
2024-09-16 12:52:00.188,416.5849272209599,1002
2024-09-16 12:52:00.237,416.588698769733,101
2024-09-16 12:52:00.280,416.5950986392112,12
2024-09-16 12:52:00.297,416.6037302202521,98
2024-09-16 12:52:00.346,416.600005922204,1005
2024-09-16 12:52:00.471,416.572601404094,8
2024-09-16 12:52:00.498,416.5435606884215,1004
2024-09-16 12:52:00.509,416.5643897821302,7
2024-09-16 12:52:00.524,416.5950662674596,5
2024-09-16 12:52:00.557,416.5644589766117,1001
2024-09-16 12:52:00.576,416.5944003217472,15
2024-09-16 12:52:00.599,416.5352796412855,97
2024-09-16 12:52:00.612,416.5909417187031,8
2024-09-16 12:52:00.613,416.60245867188826,996
2024-09-16 12:52:00.623,416.5834240813869,8
2024-09-16 12:52:00.727,416.5812427489396,998
2024-09-16 12:52:00.733,416.5934680108136,998
2024-09-16 12:52:00.767,416.5829049781192,1001
2024-09-16 12:52:00.778,416.54183703954544,998
2024-09-16 12:52:00.795,416.54408007371416,6
2024-09-16 12:52:00.860,416.6075711937792,96
2024-09-16 12:52:00.877,416.6152390871369,6
2024-09-16 12:52:00.914,416.5977160806359,97
2024-09-16 12:52:00.956,416.595301971112,103
2024-09-16 12:52:00.994,41.65906278441699,10
2024-09-16 12:52:01.021,416.5209614013976,10
2024-09-16 12:52:01.083,416.5567413601461,997
2024-09-16 12:52:01.173,416.5208011702225,995
2024-09-16 12:52:01.180,416.50484711597534,97
2024-09-16 12:52:01.206,416.51345770205535,103
2024-09-16 12:52:01.217,416.561239554848,100
2024-09-16 12:52:01.282,416.5019368401193,99
2024-09-16 12:52:01.415,416.522833070779,6
2024-09-16 12:52:01.492,416.5575261545554,96
2024-09-16 12:52:01.520,416.5260226873925,6
2024-09-16 12:52:01.570,416.5574296992234,995
2024-09-16 12:52:01.590,416.5475606770297,98
2024-09-16 12:52:01.681,416.4991987210623,999
2024-09-16 12:52:01.698,416.516607995538,1002
2024-09-16 12:52:01.717,416.5468214539675,15
2024-09-16 12:52:01.808,416.50560531715536,995
2024-09-16 12:52:01.823,416.5597147497728,14
2024-09-16 12:52:01.832,416.55263538144055,102
2024-09-16 12:52:01.955,416.5239718958868,104
2024-09-16 12:52:01.988,,102
2024-09-16 12:52:02.010,416.51543112570414,98
2024-09-16 12:52:02.018,416.5301747466233,997
2024-09-16 12:52:02.051,416.5123678260634,1003
2024-09-16 12:52:02.170,416.5106572328824,7
2024-09-16 12:52:02.190,416.53376969894606,6
2024-09-16 12:52:02.213,416.54045243062143,996
2024-09-16 12:52:02.221,416.5125913645194,1001
2024-09-16 12:52:02.245,416.5554702012284,10
2024-09-16 12:52:02.253,416.57098780682895,103
2024-09-16 12:52:02.366,416.5086846418526,995
2024-09-16 12:52:02.434,416.4915888302677,1004
2024-09-16 12:52:02.437,416.5471394651703,998
2024-09-16 12:52:02.457,416.53196063289215,10
2024-09-16 12:52:02.473,416.54987088606254,996
2024-09-16 12:52:02.484,416.5201915636668,7
2024-09-16 12:52:02.486,416.5223995644331,1004
2024-09-16 12:52:02.524,416.492000406884,1005
2024-09-16 12:52:02.572,416.529054291208,7
2024-09-16 12:52:02.692,416.5125436700127,11
2024-09-16 12:52:02.707,416.5358077081368,98
2024-09-16 12:52:02.720,416.51940193397365,1005
2024-09-16 12:52:02.723,416.496282426201,11
2024-09-16 12:52:02.737,416.5691115864138,95
2024-09-16 12:52:02.830,416.5419235038473,105
2024-09-16 12:52:02.877,41.65089051964691,102
2024-09-16 12:52:02.905,416.5115943228464,10
2024-09-16 12:52:03.033,-416.569668575543,105
2024-09-16 12:52:03.056,416.56048328834027,104
2024-09-16 12:52:03.064,416.5896073236667,15
2024-09-16 12:52:03.071,416.5820846043076,103
2024-09-16 12:52:03.086,416.56236873156223,101
2024-09-16 12:52:03.123,416.6060168131682,101
2024-09-16 12:52:03.234,416.5632073956607,11
2024-09-16 12:52:03.433,416.5645414305154,101
2024-09-16 12:52:03.614,416.61199096914737,14
2024-09-16 12:52:03.710,416.5863095346226,96
2024-09-16 12:52:03.800,416.57249461635104,12
2024-09-16 12:52:03.895,416.580896458365,998
2024-09-16 12:52:03.954,416.5839803929956,999
2024-09-16 12:52:03.978,416.5964692796518,100
2024-09-16 12:52:04.089,416.56437452224907,97
2024-09-16 12:52:04.295,416.5848935599507,102
2024-09-16 12:52:04.361,416.5849588289609,95
2024-09-16 12:52:04.380,416.5240318484851,1000
2024-09-16 12:52:04.480,416.5296707603326,97
2024-09-16 12:52:04.642,416.5907007958614,996
2024-09-16 12:52:04.720,416.5359409857707,998
2024-09-16 12:52:04.773,416.5503360905418,5
2024-09-16 12:52:04.881,416.5364981868986,999
2024-09-16 12:52:04.913,416.53890406086,1001
2024-09-16 12:52:04.936,416.5774355425056,105
2024-09-16 12:52:04.963,416.5479652537788,10
2024-09-16 12:52:04.969,416.5809315349278,995
2024-09-16 12:52:06.026,416.5320616759816,995
2024-09-16 12:52:06.036,416.5566122180925,105
2024-09-16 12:52:06.118,416.5430389467029,99
2024-09-16 12:52:06.269,416.5363416462601,6
2024-09-16 12:52:06.427,416.5390144972735,1003
2024-09-16 12:52:06.517,416.55121156530976,104
2024-09-16 12:52:06.546,416.5436224237909,96
2024-09-16 12:52:06.557,416.54196050894177,8
2024-09-16 12:52:06.645,416.5410975471973,14
2024-09-16 12:52:06.734,41.653395013759535,6
2024-09-16 12:52:06.797,416.5412503654944,97
2024-09-16 12:52:06.893,416.523875989333,998
2024-09-16 12:52:06.923,416.5284136361937,1000
2024-09-16 12:52:07.210,416.5262464658847,6
2024-09-16 12:52:07.379,416.4982952273097,996
2024-09-16 12:52:07.548,416.4843151605223,10
2024-09-16 12:52:07.553,416.4726501956463,1003
2024-09-16 12:52:07.653,416.48445748392623,103
2024-09-16 12:52:07.746,416.5160684557261,15
2024-09-16 12:52:07.747,416.4988314107083,1005
2024-09-16 12:52:07.917,416.49302640290273,1005
2024-09-16 12:52:07.949,416.5208213655421,95
2024-09-16 12:52:08.042,416.41459426533584,8
2024-09-16 12:52:08.063,416.47520749844,102
2024-09-16 12:52:08.150,416.4427026444149,95
2024-09-16 12:52:08.211,416.4302851074021,7
2024-09-16 12:52:08.216,416.424568114455,10
2024-09-16 12:52:08.222,416.425140433657,96
2024-09-16 12:52:08.278,416.405339041065,95
2024-09-16 12:52:08.289,416.4231709479799,1001
2024-09-16 12:52:08.320,416.4161246183912,1001
2024-09-16 12:52:08.400,416.439258753812,1000
2024-09-16 12:52:08.585,416.4097307039382,104
2024-09-16 12:52:08.666,416.4057190065976,995
2024-09-16 12:52:08.688,416.427103234994,1002
2024-09-16 12:52:08.769,416.4322221645443,96
2024-09-16 12:52:08.773,416.4650317921224,1003
2024-09-16 12:52:08.881,416.42397190233913,11
2024-09-16 12:52:08.899,416.4226943669335,15
2024-09-16 12:52:09.020,416.4993195914665,996
2024-09-16 12:52:09.031,416.4837806572371,101
2024-09-16 12:52:09.032,416.482423758076,102
2024-09-16 12:52:09.037,416.4920976963464,11
2024-09-16 12:52:09.080,416.47565439185576,998
2024-09-16 12:52:09.111,416.45965265975417,1001
2024-09-16 12:52:09.144,416.4720728480586,14
2024-09-16 12:52:09.149,416.44858062306616,15
2024-09-16 12:52:09.314,416.4913896526882,10
2024-09-16 12:52:09.319,416.4805473725292,105
2024-09-16 12:52:09.387,416.4961638906392,998
2024-09-16 12:52:09.452,416.43399177669824,101
2024-09-16 12:52:09.486,-416.5006961694971,1002
2024-09-16 12:52:09.498,416.4959919927491,7
2024-09-16 12:52:09.542,416.485612087198,95
2024-09-16 12:52:09.560,416.4770975206693,11
2024-09-16 12:52:09.577,416.5009585759968,10
2024-09-16 12:52:09.582,416.50670114170015,104
2024-09-16 12:52:09.584,41.644961151414016,997
2024-09-16 12:52:09.597,,9
2024-09-16 12:52:09.607,416.4295433376893,13
2024-09-16 12:52:09.659,416.4231284791847,15
2024-09-16 12:52:09.687,416.4545392475727,997
2024-09-16 12:52:09.696,416.4631145032705,14
2024-09-16 12:52:09.716,416.4570942927265,10
2024-09-16 12:52:09.813,416.4605178583009,1004
2024-09-16 12:52:09.848,416.4946747204913,14
2024-09-16 12:52:09.875,416.4823144056136,96
2024-09-16 12:52:09.964,416.4338488065361,11
2024-09-16 12:52:10.009,416.4977900485024,7
2024-09-16 12:52:10.053,416.48863432363993,101
2024-09-16 12:52:10.101,416.5067054291342,105
2024-09-16 12:52:10.220,416.51445089891257,7
2024-09-16 12:52:10.277,416.46729249229406,1004
2024-09-16 12:52:10.333,416.4617151614867,9
2024-09-16 12:52:10.455,416.5242900294557,104
2024-09-16 12:52:10.492,416.4977478028925,996
2024-09-16 12:52:10.497,416.4926487477617,14
2024-09-16 12:52:10.498,416.4734895239609,96
2024-09-16 12:52:10.499,416.4576218127335,996
2024-09-16 12:52:10.542,416.4786614526772,12
2024-09-16 12:52:10.659,416.50623979296,15
2024-09-16 12:52:10.724,416.5073418087731,13
2024-09-16 12:52:10.746,416.52425944930513,1004
2024-09-16 12:52:10.761,416.49863380032446,96
2024-09-16 12:52:10.765,416.53083353690585,105
2024-09-16 12:52:10.882,416.43926677052445,9
2024-09-16 12:52:10.892,416.4680703917097,100
2024-09-16 12:52:10.910,416.4796106839176,97
2024-09-16 12:52:10.919,416.4907533425611,9
2024-09-16 12:52:11.604,416.4804517962963,101
2024-09-16 12:52:11.888,-416.4765799971637,96
2024-09-16 12:52:12.017,416.5052810434682,999
2024-09-16 12:52:12.060,416.5427515484481,1004
2024-09-16 12:52:12.525,416.4916018479644,12
2024-09-16 12:52:12.743,416.5208540786261,13
2024-09-16 12:52:13.262,416.5495674353074,14
2024-09-16 12:52:13.326,416.4940500696259,95
2024-09-16 12:52:13.435,416.53986393066833,10
2024-09-16 12:52:13.623,416.5199538649809,104
2024-09-16 12:52:13.653,416.5249894970166,11
2024-09-16 12:52:13.687,416.5091398620975,15
2024-09-16 12:52:13.849,416.5119349594531,105
2024-09-16 12:52:13.969,416.4864692345221,1002
2024-09-16 12:52:14.042,416.5028810231144,995
2024-09-16 12:52:14.065,416.5177109143352,998
2024-09-16 12:52:14.118,416.5049441256628,7
2024-09-16 12:52:14.246,416.49657622412224,999
2024-09-16 12:52:14.255,416.47662405943504,104
2024-09-16 12:52:14.279,416.5148594108512,8
2024-09-16 12:52:14.369,416.5082775836822,7
2024-09-16 12:52:14.370,416.4945919883604,14
2024-09-16 12:52:14.371,416.5249713332054,1003
2024-09-16 12:52:14.424,416.49973308917976,102
2024-09-16 12:52:14.461,416.5415753989204,1001
2024-09-16 12:52:14.658,416.4979499640709,7
2024-09-16 12:52:14.676,416.5160144076623,15
2024-09-16 12:52:14.733,416.48056386718656,1001
2024-09-16 12:52:14.917,416.5034674559202,101
2024-09-16 12:52:14.967,416.5225494889023,998
2024-09-16 12:52:14.983,416.5466997525182,100
2024-09-16 12:52:15.003,416.51676068726624,100
2024-09-16 12:52:15.029,416.5176796220502,104
2024-09-16 12:52:15.447,416.5039415105017,11
2024-09-16 12:52:15.502,416.5173717236817,10
2024-09-16 12:52:15.577,416.5167876717159,998
2024-09-16 12:52:15.693,416.5064060617943,995
2024-09-16 12:52:15.699,416.4887644746083,104
2024-09-16 12:52:15.797,416.5222570556795,995
2024-09-16 12:52:15.954,416.54552291785336,99
2024-09-16 12:52:15.956,416.5119848083277,96
2024-09-16 12:52:16.083,416.4742641116087,1005
2024-09-16 12:52:16.174,416.4900810453151,104
2024-09-16 12:52:16.227,416.4832043893687,1004
2024-09-16 12:52:16.255,416.4735259446176,5
2024-09-16 12:52:16.265,416.4859404209572,1001
2024-09-16 12:52:16.406,416.45676512691847,995
2024-09-16 12:52:16.414,416.4883764390906,1000
2024-09-16 12:52:16.466,416.49608578359226,998
2024-09-16 12:52:16.476,416.4428030355341,1000
2024-09-16 12:52:16.623,416.44712522825694,11
2024-09-16 12:52:16.695,416.4574966378734,1003
2024-09-16 12:52:16.696,416.4675155228605,11
2024-09-16 12:52:16.713,,7
2024-09-16 12:52:16.752,-416.4427462683426,95
2024-09-16 12:52:16.873,416.49094769246295,1003
2024-09-16 12:52:17.930,416.47408193826834,996
2024-09-16 12:52:18.000,416.4795836477707,1000
2024-09-16 12:52:18.002,416.4950214703936,101
2024-09-16 12:52:18.043,416.49139124162895,95
2024-09-16 12:52:18.044,416.4814921992391,102
2024-09-16 12:52:18.114,416.4943765904429,102
2024-09-16 12:52:18.341,416.5012822740292,1001
2024-09-16 12:52:18.386,416.4895676601964,9
2024-09-16 12:52:18.617,416.47391390802665,995
2024-09-16 12:52:18.767,416.4991331823763,105
2024-09-16 12:52:18.781,416.5033275571146,10
2024-09-16 12:52:18.991,416.48329305842606,998
2024-09-16 12:52:19.013,416.4664260746896,102
2024-09-16 12:52:19.106,416.4675775686388,1002
2024-09-16 12:52:19.160,416.4613879819671,999
2024-09-16 12:52:19.289,416.47466605790544,12
2024-09-16 12:52:19.329,416.4927830285995,105
2024-09-16 12:52:19.405,416.5251989481439,9
2024-09-16 12:52:19.482,416.52225885779103,14
2024-09-16 12:52:19.533,416.47310898763067,998
2024-09-16 12:52:19.573,416.44805063358285,1002
2024-09-16 12:52:19.580,416.4704588197243,5
2024-09-16 12:52:19.585,416.5137306232724,1001
2024-09-16 12:52:19.618,416.5433358652442,15
2024-09-16 12:52:19.659,416.45667463798793,98
2024-09-16 12:52:19.669,416.4898565324236,105
2024-09-16 12:52:19.680,416.45842779508695,8
2024-09-16 12:52:19.718,416.472976583417,100
2024-09-16 12:52:19.728,416.5389004508049,1004
2024-09-16 12:52:19.751,416.5459748868977,11
2024-09-16 12:52:19.921,416.51817977507386,1000
2024-09-16 12:52:19.983,416.527880191503,1005
2024-09-16 12:52:19.991,416.52350098854026,9
2024-09-16 12:52:20.081,416.46424698477074,95
2024-09-16 12:52:20.101,416.4844015107757,996
2024-09-16 12:52:20.239,416.48568589534096,103
2024-09-16 12:52:20.598,416.44534382427537,8
2024-09-16 12:52:20.907,416.4853713547093,97
2024-09-16 12:52:21.050,416.4897377668005,10
2024-09-16 12:52:21.212,416.4451737438228,5
2024-09-16 12:52:21.332,416.45788398732464,95
2024-09-16 12:52:21.388,416.4521185580319,996
2024-09-16 12:52:21.478,41.64360544251906,999
2024-09-16 12:52:21.719,416.4438058182597,5
2024-09-16 12:52:21.731,416.44410173308427,995
2024-09-16 12:52:21.871,416.4844281208046,1001
2024-09-16 12:52:21.995,416.4481274399703,97
2024-09-16 12:52:21.998,416.4301734276743,7
2024-09-16 12:52:22.071,416.50667092381616,5
2024-09-16 12:52:22.112,416.4186659522815,1003
2024-09-16 12:52:22.133,416.4793825111802,13
2024-09-16 12:52:22.207,416.474298504365,5
2024-09-16 12:52:22.219,416.4356927137504,1005
2024-09-16 12:52:22.235,416.5139984331383,10
2024-09-16 12:52:22.250,416.44670452843496,996
2024-09-16 12:52:22.407,416.49674778548587,8
2024-09-16 12:52:22.418,416.5056863939824,996
2024-09-16 12:52:22.421,416.5137505553333,15
2024-09-16 12:52:22.463,416.4106942982918,12
2024-09-16 12:52:22.543,416.4740966121747,98
2024-09-16 12:52:22.575,416.4547489939874,6
2024-09-16 12:52:22.587,416.4901753988467,6
2024-09-16 12:52:22.629,416.524859529695,99
2024-09-16 12:52:22.650,416.5099915731986,998
2024-09-16 12:52:22.710,416.4370725695761,10
2024-09-16 12:52:22.717,416.5033136580549,98
2024-09-16 12:52:22.748,416.4888490197243,1001
2024-09-16 12:52:22.805,416.444820190286,104
2024-09-16 12:52:22.830,416.4685803700147,13
2024-09-16 12:52:22.861,416.4357057642964,997
2024-09-16 12:52:22.879,416.4324329583628,13
2024-09-16 12:52:22.947,416.52073825356666,1004
2024-09-16 12:52:22.965,416.4379077975969,95
2024-09-16 12:52:22.970,416.4534323611928,1000
2024-09-16 12:52:23.049,416.47843856050713,1005
2024-09-16 12:52:23.300,416.5018405746267,1003
2024-09-16 12:52:23.437,416.5302103909624,101
2024-09-16 12:52:23.486,416.5153229988405,104
2024-09-16 12:52:23.624,416.5200513932453,5
2024-09-16 12:52:23.888,416.5010959923181,15
2024-09-16 12:52:23.897,416.4912167183585,1003
2024-09-16 12:52:24.187,416.5605055359357,13
2024-09-16 12:52:24.347,416.5409664886554,1003
2024-09-16 12:52:24.453,416.5463053342802,996
2024-09-16 12:52:24.484,416.53962103228906,96
2024-09-16 12:52:24.604,416.50994557921285,100
2024-09-16 12:52:24.678,416.5471982269715,104
2024-09-16 12:52:24.686,416.48896975110415,102
2024-09-16 12:52:24.828,416.53194042464185,1004
2024-09-16 12:52:24.833,41.656504113335735,7
2024-09-16 12:52:24.851,416.53379459002167,103
2024-09-16 12:52:24.878,416.5580868259361,1005
2024-09-16 12:52:25.061,416.5012765686444,8
2024-09-16 12:52:25.110,416.5208825569498,1005
2024-09-16 12:52:25.134,416.4865891780224,9
2024-09-16 12:52:25.152,416.47585163699415,995
2024-09-16 12:52:25.160,416.5077336244647,98
2024-09-16 12:52:25.172,416.4944765058623,15
2024-09-16 12:52:25.242,416.49435351273166,102
2024-09-16 12:52:25.246,416.5204106237948,95
2024-09-16 12:52:25.283,416.5035276442321,11
2024-09-16 12:52:25.385,416.4868317696686,7
2024-09-16 12:52:25.428,416.51374743245566,1001
2024-09-16 12:52:25.462,416.46928762094586,6
2024-09-16 12:52:25.473,416.4886136226688,12
2024-09-16 12:52:25.501,416.4761627974892,14
2024-09-16 12:52:25.536,416.4675908942696,1005
2024-09-16 12:52:25.721,416.5052679937843,104
2024-09-16 12:52:25.741,416.4759267626093,105
2024-09-16 12:52:25.801,416.523794776169,99
2024-09-16 12:52:25.811,416.463165726934,98
2024-09-16 12:52:25.882,416.487311317835,1005
2024-09-16 12:52:25.906,416.48992707656015,1000
2024-09-16 12:52:25.948,416.4969769064032,105
2024-09-16 12:52:25.970,-416.5050432526157,10
2024-09-16 12:52:25.980,416.4715862150056,996
2024-09-16 12:52:25.987,416.47363911286175,101
2024-09-16 12:52:25.991,416.5169254519557,1002
2024-09-16 12:52:25.999,416.5126951997754,103
2024-09-16 12:52:26.005,416.5479822691957,998
2024-09-16 12:52:26.007,416.5920166944797,105
2024-09-16 12:52:26.046,416.5267357763845,6
2024-09-16 12:52:26.057,416.5331154037355,9
2024-09-16 12:52:26.071,416.5338683614517,1001
2024-09-16 12:52:26.213,416.5317020522135,105
2024-09-16 12:52:26.248,416.5223667790099,5
2024-09-16 12:52:26.255,416.5207279321583,99
2024-09-16 12:52:26.331,416.5380661745285,7
2024-09-16 12:52:26.416,416.5229736745409,103
2024-09-16 12:52:26.423,416.524175508482,98
2024-09-16 12:52:26.427,416.52494714528086,997
2024-09-16 12:52:26.553,416.6135758365429,7
2024-09-16 12:52:26.555,416.5183647581391,105
2024-09-16 12:52:26.565,416.5119388441153,12
2024-09-16 12:52:26.583,416.5286864090066,102
2024-09-16 12:52:26.588,416.50514790690886,15
2024-09-16 12:52:26.665,416.5566461398604,13
2024-09-16 12:52:26.673,416.522202132734,5
2024-09-16 12:52:26.727,416.52585979016055,97
2024-09-16 12:52:26.743,416.5204572049877,6
2024-09-16 12:52:26.762,416.5087963218211,997
2024-09-16 12:52:26.878,416.526862602786,5
2024-09-16 12:52:26.914,416.5373661809878,14
2024-09-16 12:52:26.917,416.53627647498377,1002
2024-09-16 12:52:27.092,416.5422420821744,6
2024-09-16 12:52:27.153,,101
2024-09-16 12:52:27.158,416.54461570323286,97
2024-09-16 12:52:27.166,416.58692922341146,1002
2024-09-16 12:52:27.205,416.5401991858397,1001
2024-09-16 12:52:27.236,416.5721249549764,13
2024-09-16 12:52:27.258,416.5461266491004,7
2024-09-16 12:52:27.282,416.586860797125,95
2024-09-16 12:52:27.296,416.578954225877,996
2024-09-16 12:52:27.346,416.5343442197772,7
2024-09-16 12:52:27.424,416.5403857153476,998
2024-09-16 12:52:27.449,416.5396436917657,1001
2024-09-16 12:52:27.515,416.5354603190924,97
2024-09-16 12:52:27.515,416.5634642760129,99
2024-09-16 12:52:27.524,416.598337452375,104
2024-09-16 12:52:27.564,416.58637750450623,102
2024-09-16 12:52:27.565,416.540273443638,104
2024-09-16 12:52:27.567,416.5228475378934,997
2024-09-16 12:52:27.596,416.5355693305698,1005
2024-09-16 12:52:27.610,416.5355307855267,998
2024-09-16 12:52:27.732,416.5974410681304,998
2024-09-16 12:52:27.749,416.5736564382153,100
2024-09-16 12:52:27.755,416.5302580580128,101
2024-09-16 12:52:27.840,416.56571096977945,13
2024-09-16 12:52:27.897,416.549647983408,13
2024-09-16 12:52:27.942,416.5591747203749,11
2024-09-16 12:52:27.962,416.5803682690423,5
2024-09-16 12:52:27.971,416.5802355537985,12
2024-09-16 12:52:27.981,416.5630393072191,100
2024-09-16 12:52:28.147,416.5786441453778,1002
2024-09-16 12:52:29.399,416.5582416242737,98
2024-09-16 12:52:29.631,416.5912069428152,12
2024-09-16 12:52:29.648,416.6065628233336,8
2024-09-16 12:52:29.670,416.5692525852734,995
2024-09-16 12:52:29.797,416.60998118496025,7
2024-09-16 12:52:29.899,416.6029324362446,7
2024-09-16 12:52:29.941,416.58173521596586,103
2024-09-16 12:52:30.029,416.65116429032895,100
2024-09-16 12:52:30.138,,102
2024-09-16 12:52:30.202,416.6435768686226,101
2024-09-16 12:52:30.219,416.61021758665447,995
2024-09-16 12:52:30.290,416.6525431179229,997
2024-09-16 12:52:30.303,416.6425522489369,12
2024-09-16 12:52:30.360,416.6462817043251,10
2024-09-16 12:52:30.496,416.6505124284235,995
2024-09-16 12:52:30.526,416.600202060546,12
2024-09-16 12:52:30.635,416.6451310241302,14
2024-09-16 12:52:30.648,416.6434095140347,999
2024-09-16 12:52:30.656,416.6150509373213,9
2024-09-16 12:52:30.808,416.6463669391082,14
2024-09-16 12:52:30.842,416.63179270217466,97
2024-09-16 12:52:31.380,416.6215861957282,102
2024-09-16 12:52:32.014,416.59126416177145,95
2024-09-16 12:52:32.100,416.6597677120944,105
2024-09-16 12:52:32.110,416.6421440418706,5
2024-09-16 12:52:32.116,416.645677855518,13
2024-09-16 12:52:32.187,416.6939740692018,10
2024-09-16 12:52:32.192,416.6465047882448,13
2024-09-16 12:52:32.207,416.5879691044087,15
2024-09-16 12:52:32.229,416.6981308346128,103
2024-09-16 12:52:32.241,416.6148432046885,15
2024-09-16 12:52:32.260,416.5880634174305,1005
2024-09-16 12:52:32.267,416.6535020637021,1002
2024-09-16 12:52:32.291,416.6587377359535,99
2024-09-16 12:52:32.292,416.6161245513344,13
2024-09-16 12:52:32.311,416.60493563363065,1001
2024-09-16 12:52:32.358,416.58183473392006,1004
2024-09-16 12:52:32.384,416.6550568252845,6
2024-09-16 12:52:32.434,416.6296142997535,1003
2024-09-16 12:52:32.548,416.6247909178831,99
2024-09-16 12:52:32.578,416.6377391995801,1005
2024-09-16 12:52:32.632,416.6500723123975,97
2024-09-16 12:52:32.640,416.611362954704,1000
2024-09-16 12:52:32.654,416.6086025063522,104
2024-09-16 12:52:32.658,416.61835302270777,997
2024-09-16 12:52:32.753,416.6167461853509,1004
2024-09-16 12:52:32.866,416.6156438585438,97
2024-09-16 12:52:32.888,416.6405433449216,10
2024-09-16 12:52:32.934,416.6097629784376,8
2024-09-16 12:52:32.955,416.63489043006,99
2024-09-16 12:52:34.021,416.6943511767997,1004
2024-09-16 12:52:34.101,416.6767553745874,1003
2024-09-16 12:52:34.130,416.7041253525086,15
2024-09-16 12:52:34.131,41.67125075260012,998
2024-09-16 12:52:34.174,416.6878107928068,99
2024-09-16 12:52:34.471,416.694827154484,5
2024-09-16 12:52:34.505,416.7019595478303,6
2024-09-16 12:52:34.544,416.6919945162037,15
2024-09-16 12:52:34.971,416.6925183745128,998
2024-09-16 12:52:35.900,416.70025803955394,97
2024-09-16 12:52:36.067,416.6624170379122,95
2024-09-16 12:52:36.135,416.65285471428376,97
2024-09-16 12:52:36.269,416.6641293974784,5
2024-09-16 12:52:36.273,416.66468961171296,9
2024-09-16 12:52:36.391,416.67916732095136,999
2024-09-16 12:52:36.405,416.6741901032791,1000
2024-09-16 12:52:36.437,416.7145308259736,998
2024-09-16 12:52:36.518,416.688004352479,999
2024-09-16 12:52:36.686,416.6980195051596,103
2024-09-16 12:52:36.846,416.7096872063788,1003
2024-09-16 12:52:36.995,416.6956953576775,100
2024-09-16 12:52:37.018,416.7772044813783,5
2024-09-16 12:52:37.020,416.7158716327797,100
2024-09-16 12:52:37.083,416.67805328748926,15
2024-09-16 12:52:37.093,416.6931718102229,15
2024-09-16 12:52:37.097,416.7107702258051,100
2024-09-16 12:52:37.155,416.7689345711265,11
2024-09-16 12:52:37.239,416.73726202452855,14
2024-09-16 12:52:37.277,416.7669304852844,98
2024-09-16 12:52:37.331,416.6736387862297,95
2024-09-16 12:52:37.355,416.72186182555214,97
2024-09-16 12:52:37.379,416.6727731582443,1005
2024-09-16 12:52:37.400,416.6617280802755,97
2024-09-16 12:52:37.413,416.7775648163875,102
2024-09-16 12:52:37.463,416.7204268456393,1001
2024-09-16 12:52:37.505,416.67166608495023,8
2024-09-16 12:52:37.685,416.68249075686936,11
2024-09-16 12:52:37.808,416.68718945130536,998
2024-09-16 12:52:37.834,416.7068582442217,999
2024-09-16 12:52:37.890,416.7654972479065,9
2024-09-16 12:52:37.902,416.67316983997455,11
2024-09-16 12:52:37.982,416.7543004885645,98
2024-09-16 12:52:38.183,416.75443185221417,7
2024-09-16 12:52:38.213,416.7719209511942,13
2024-09-16 12:52:38.514,416.76518041606187,999
2024-09-16 12:52:38.630,416.745790575309,100
2024-09-16 12:52:38.747,416.7533134282821,1003
2024-09-16 12:52:38.799,416.7603971643823,105
2024-09-16 12:52:38.909,416.7723421176914,1004
2024-09-16 12:52:39.459,416.7509232696201,103
2024-09-16 12:52:39.623,416.772456512829,10
2024-09-16 12:52:39.942,416.75287248419903,1005
2024-09-16 12:52:39.971,416.7594607112188,997
2024-09-16 12:52:40.081,416.7361361216477,5
2024-09-16 12:52:40.198,416.72730151154826,6
2024-09-16 12:52:40.282,416.72596078611656,105
2024-09-16 12:52:40.325,416.7493656226858,11
2024-09-16 12:52:40.337,416.7400184540144,996
2024-09-16 12:52:40.371,416.75438343823015,14
2024-09-16 12:52:40.382,416.7459302986656,10
2024-09-16 12:52:40.395,416.7599393396655,15
2024-09-16 12:52:40.444,416.76376696792926,9
2024-09-16 12:52:40.495,416.72275423770185,14
2024-09-16 12:52:40.561,416.75826085202,997
2024-09-16 12:52:40.567,416.7428994600847,13
2024-09-16 12:52:40.619,416.72718495616766,5
2024-09-16 12:52:40.693,416.74728280711406,1004
2024-09-16 12:52:40.736,416.7363972217801,102
2024-09-16 12:52:40.737,416.7653194478176,8
2024-09-16 12:52:40.776,416.7457460799956,1003
2024-09-16 12:52:40.778,416.73198670935614,102
2024-09-16 12:52:40.829,416.7639892926966,1002
2024-09-16 12:52:40.856,416.75223983636687,97
2024-09-16 12:52:40.966,41.67332124053947,999
2024-09-16 12:52:41.000,416.66947143301024,97
2024-09-16 12:52:41.004,416.6843834537459,15
2024-09-16 12:52:41.079,416.7260603984147,96
2024-09-16 12:52:41.188,416.7339240364364,1003
2024-09-16 12:52:41.189,416.71454336452535,996
2024-09-16 12:52:41.223,416.7082833748491,103
2024-09-16 12:52:41.228,416.72757559393045,102
2024-09-16 12:52:41.257,416.702226577657,14
2024-09-16 12:52:41.333,416.6838941677463,5
2024-09-16 12:52:41.361,416.6676107849378,12
2024-09-16 12:52:41.429,416.6754071479723,13
2024-09-16 12:52:41.469,416.77349187793226,102
2024-09-16 12:52:41.511,416.7310653139088,995
2024-09-16 12:52:41.528,416.7824723599075,97
2024-09-16 12:52:41.583,416.6776121778133,1002
2024-09-16 12:52:41.644,-416.71127770803616,99
2024-09-16 12:52:41.656,416.7153936832683,995
2024-09-16 12:52:41.668,416.7267026363992,11
2024-09-16 12:52:41.698,416.7018502546128,102
2024-09-16 12:52:41.844,416.6968262161983,10
2024-09-16 12:52:41.878,416.7640002675529,5
2024-09-16 12:52:41.913,416.7385603013087,99
2024-09-16 12:52:41.952,416.7258048812433,103
2024-09-16 12:52:41.975,416.7560081604999,1004
2024-09-16 12:52:41.992,416.7320857965011,999
2024-09-16 12:52:41.993,416.6976930955031,8
2024-09-16 12:52:43.079,416.8109267425421,11
2024-09-16 12:52:43.111,,14
2024-09-16 12:52:43.177,416.8074624469826,10
2024-09-16 12:52:43.190,416.7933688426438,5
2024-09-16 12:52:43.247,416.79698528559135,995
2024-09-16 12:52:43.320,416.803639170175,1005
2024-09-16 12:52:43.329,416.76965629935313,10
2024-09-16 12:52:43.569,416.7767720207484,13
2024-09-16 12:52:43.635,416.8231206549979,996
2024-09-16 12:52:43.731,416.7921273305657,1002
2024-09-16 12:52:43.878,416.8052282553011,105
2024-09-16 12:52:43.946,416.7931085254512,13
2024-09-16 12:52:43.995,416.79106840780247,8
2024-09-16 12:52:44.046,416.7963353857565,96
2024-09-16 12:52:44.410,416.7933123086104,98
2024-09-16 12:52:44.747,416.78149366182896,102
2024-09-16 12:52:44.771,416.7925488915025,99
2024-09-16 12:52:44.994,416.7827259573506,95
2024-09-16 12:52:45.050,416.7961357419565,11
2024-09-16 12:52:45.089,416.7707925551008,10
2024-09-16 12:52:45.330,416.7850052515906,6
2024-09-16 12:52:45.637,416.7852188573864,998
2024-09-16 12:52:45.638,416.7789715790236,999
2024-09-16 12:52:45.653,416.7856780045948,1005
2024-09-16 12:52:45.678,416.8043205506139,997
2024-09-16 12:52:45.704,416.78072284419153,1000
2024-09-16 12:52:45.770,416.79045059922026,14
2024-09-16 12:52:45.936,416.7883542366795,96
2024-09-16 12:52:45.972,416.7862492824641,1003
2024-09-16 12:52:46.015,416.7535717136085,96
2024-09-16 12:52:46.070,416.7513716472711,100
2024-09-16 12:52:46.075,416.7655175840324,101
2024-09-16 12:52:46.084,416.6917907977154,995
2024-09-16 12:52:46.107,416.6823434070404,1004
2024-09-16 12:52:46.167,416.7035409697833,1005
2024-09-16 12:52:46.213,416.695352149849,102
2024-09-16 12:52:46.218,416.7348634860668,96
2024-09-16 12:52:46.246,416.71225886240506,101
2024-09-16 12:52:46.249,416.69371552135726,999
2024-09-16 12:52:46.253,416.7113157030501,1001
2024-09-16 12:52:46.296,416.70792017938913,14
2024-09-16 12:52:46.299,,1003
2024-09-16 12:52:46.317,416.7306236546348,999
2024-09-16 12:52:46.338,416.6815436954212,14
2024-09-16 12:52:46.341,416.7591815478065,12
2024-09-16 12:52:46.347,416.7250826708891,9
2024-09-16 12:52:46.396,416.737192370216,96
2024-09-16 12:52:46.428,416.709452172929,7
2024-09-16 12:52:46.550,416.6970396395904,95
2024-09-16 12:52:46.561,416.7497744051168,5
2024-09-16 12:52:46.587,416.72766034994856,1004
2024-09-16 12:52:46.665,416.69551161229424,14
2024-09-16 12:52:46.682,416.7534487072256,12
2024-09-16 12:52:46.712,416.7339601246273,102
2024-09-16 12:52:46.728,416.7201168820471,104
2024-09-16 12:52:46.741,41.67488487338267,98
2024-09-16 12:52:46.817,416.7057385046484,97
2024-09-16 12:52:46.911,416.7235230676784,98
2024-09-16 12:52:46.991,416.73916487420473,6
2024-09-16 12:52:47.103,416.709780182301,1000
2024-09-16 12:52:47.111,416.7304089329188,1000
2024-09-16 12:52:47.154,416.7280736743465,102
2024-09-16 12:52:47.178,416.7230202141017,100
2024-09-16 12:52:47.571,416.7243046225833,998
2024-09-16 12:52:47.615,416.71172999025873,1000
2024-09-16 12:52:47.844,416.712184987777,1005
2024-09-16 12:52:48.128,416.6776582233335,1000
2024-09-16 12:52:48.218,416.72872733262415,9
2024-09-16 12:52:48.306,416.7364839148965,10
2024-09-16 12:52:48.318,416.68750191171847,9
2024-09-16 12:52:48.368,416.7086020600275,6
2024-09-16 12:52:48.381,416.6770559161081,104
2024-09-16 12:52:48.493,416.7226682247416,5
2024-09-16 12:52:48.695,416.7203992833548,11
2024-09-16 12:52:48.841,416.6968071613757,103
2024-09-16 12:52:48.853,416.7383101755517,1001
2024-09-16 12:52:48.909,416.6957930468995,5
2024-09-16 12:52:48.965,416.7332884633586,15
2024-09-16 12:52:49.015,416.71227734120174,1004
2024-09-16 12:52:49.063,416.7233903491591,996
2024-09-16 12:52:49.069,416.75704268148377,14
2024-09-16 12:52:49.082,-416.7012196421084,12
2024-09-16 12:52:49.142,416.7300411074215,99
2024-09-16 12:52:49.147,416.72023226195375,102
2024-09-16 12:52:49.159,-416.701036753993,97
2024-09-16 12:52:49.262,416.7402220361592,8
2024-09-16 12:52:49.323,416.7091317638286,998
2024-09-16 12:52:49.347,416.7010030164937,8
2024-09-16 12:52:49.531,416.741663474925,97
2024-09-16 12:52:49.638,416.7533840504023,13
2024-09-16 12:52:49.687,416.70675643246045,98
2024-09-16 12:52:49.696,416.6865836989519,99
2024-09-16 12:52:49.724,416.73211300202416,7
2024-09-16 12:52:49.820,416.71751904273856,5
2024-09-16 12:52:49.854,416.73587603947306,1001
2024-09-16 12:52:49.982,416.7339785235856,97
2024-09-16 12:52:50.031,416.7035908122447,100
2024-09-16 12:52:50.137,416.7533714744739,99
2024-09-16 12:52:50.149,416.7286384524968,7
2024-09-16 12:52:50.173,416.75975293499135,1005
2024-09-16 12:52:50.183,416.743706405276,9
2024-09-16 12:52:50.189,416.6846914464636,8
2024-09-16 12:52:50.203,416.724860908447,1003
2024-09-16 12:52:50.205,416.7622462691768,998
2024-09-16 12:52:50.214,416.74539441547984,14
2024-09-16 12:52:50.231,-416.6954043504356,996
2024-09-16 12:52:50.251,416.6939261556385,14
2024-09-16 12:52:50.277,416.7371976531252,1003
2024-09-16 12:52:50.358,416.6937421150034,1000
2024-09-16 12:52:50.376,416.6532050667989,99
2024-09-16 12:52:50.400,416.7231111931173,995
2024-09-16 12:52:50.438,416.6903523123618,103
2024-09-16 12:52:50.441,416.70811902029874,103
2024-09-16 12:52:50.444,416.7298251166526,9
2024-09-16 12:52:50.473,416.7144841442778,103
2024-09-16 12:52:50.610,416.694720924215,996
2024-09-16 12:52:50.624,416.688712772746,12
2024-09-16 12:52:50.705,416.731091192493,9
2024-09-16 12:52:50.719,416.7064814993839,99
2024-09-16 12:52:50.725,416.7476341633754,102
2024-09-16 12:52:50.838,416.7446711140741,7
2024-09-16 12:52:50.988,416.74989886102895,105
2024-09-16 12:52:52.009,416.6027270236625,105
2024-09-16 12:52:52.083,416.6264490114683,14
2024-09-16 12:52:52.113,416.6226914156532,1004
2024-09-16 12:52:52.213,416.61238081810393,998
2024-09-16 12:52:52.518,416.6199956540815,1005
2024-09-16 12:52:52.552,416.606093844418,5
2024-09-16 12:52:52.576,416.6041498236559,104
2024-09-16 12:52:52.616,416.6241042816631,7
2024-09-16 12:52:52.685,416.6226435327444,98
2024-09-16 12:52:53.067,416.58210091293336,100
2024-09-16 12:52:53.087,416.5803502519289,103
2024-09-16 12:52:53.120,416.6097892268633,13
2024-09-16 12:52:53.132,416.5789984497185,998
2024-09-16 12:52:53.146,416.5736469028886,95
2024-09-16 12:52:53.245,416.5657374578482,8
2024-09-16 12:52:53.330,416.5783245997448,1004
2024-09-16 12:52:53.352,416.57734128199655,98
2024-09-16 12:52:53.364,416.5595231250289,9
2024-09-16 12:52:53.415,416.57249402498667,6
2024-09-16 12:52:53.464,416.57121674217655,104
2024-09-16 12:52:53.559,416.6076178934869,1003
2024-09-16 12:52:53.560,416.5920125823396,10
2024-09-16 12:52:53.598,416.60627614491386,99
2024-09-16 12:52:53.641,416.5795064043265,8
2024-09-16 12:52:53.670,416.5551202506978,1001
2024-09-16 12:52:53.776,416.562389316521,105
2024-09-16 12:52:53.880,416.5800104297487,7
2024-09-16 12:52:53.953,416.5755108346255,13
2024-09-16 12:52:55.038,416.5189141868078,1001
2024-09-16 12:52:55.080,416.5367843643424,97
2024-09-16 12:52:55.091,416.59589886175553,96
2024-09-16 12:52:55.106,416.51448396549233,99
2024-09-16 12:52:55.106,416.5705046804907,7
2024-09-16 12:52:55.162,416.5833997479581,101
2024-09-16 12:52:55.213,416.52510745729575,101
2024-09-16 12:52:55.214,416.5894800143222,8
2024-09-16 12:52:55.218,416.5223433233272,996
2024-09-16 12:52:55.221,416.5553449499223,997
2024-09-16 12:52:55.237,416.5267765955506,1005
2024-09-16 12:52:55.242,416.6038809159709,95
2024-09-16 12:52:55.251,416.5446398206004,103
2024-09-16 12:52:55.263,416.5371195618988,1005
2024-09-16 12:52:55.323,416.5979177024278,97
2024-09-16 12:52:55.448,416.55857055381387,6
2024-09-16 12:52:55.569,416.5958505104555,100
2024-09-16 12:52:55.580,416.5836319941152,999
2024-09-16 12:52:55.591,416.57103040051607,1000
2024-09-16 12:52:55.621,416.5418192081663,14
2024-09-16 12:52:55.627,416.5289399451342,100
2024-09-16 12:52:55.666,416.5437075405096,8
2024-09-16 12:52:55.726,416.5365661236869,1004
2024-09-16 12:52:55.732,416.54880931124296,1003
2024-09-16 12:52:55.733,416.5739478573249,1000
2024-09-16 12:52:55.829,416.5858267019735,7
2024-09-16 12:52:55.846,416.5403032463045,104
2024-09-16 12:52:55.898,416.52343220310775,96
2024-09-16 12:52:55.973,416.5936118508008,7
2024-09-16 12:52:56.284,416.544336030574,8
2024-09-16 12:52:56.505,416.5357601700556,1003
2024-09-16 12:52:56.673,416.5365835409918,98
2024-09-16 12:52:56.702,416.5548990727229,101
2024-09-16 12:52:56.738,416.5439319511948,15
2024-09-16 12:52:56.792,416.5546134381931,14
2024-09-16 12:52:56.937,416.5436511918839,102
2024-09-16 12:52:57.037,416.516822738672,9
2024-09-16 12:52:57.175,416.5118589242408,100
2024-09-16 12:52:57.280,416.5106755434276,1005
2024-09-16 12:52:57.909,416.5114932835884,103
2024-09-16 12:52:58.033,416.49706888015055,97
2024-09-16 12:52:58.062,416.48278957458047,996
2024-09-16 12:52:58.251,416.5174838210874,102
2024-09-16 12:52:58.271,416.5245311196336,998
2024-09-16 12:52:58.272,416.4984374905119,12
2024-09-16 12:52:58.389,416.503427343805,105
2024-09-16 12:52:58.432,416.4903504684108,1000
2024-09-16 12:52:58.452,416.5032152530177,1001
2024-09-16 12:52:58.562,416.5220948414087,99
2024-09-16 12:52:58.623,416.474591737559,1001
2024-09-16 12:52:58.647,416.5036025602938,102
2024-09-16 12:52:58.661,416.5028436500925,996
2024-09-16 12:52:58.689,416.5001314561419,13
2024-09-16 12:52:58.777,416.4993822979576,1005
2024-09-16 12:52:58.969,416.4652050584909,999
2024-09-16 12:52:58.972,416.5136304641565,104
2024-09-16 12:52:59.004,416.46752135432666,11
2024-09-16 12:52:59.054,-416.4023304173276,999
2024-09-16 12:52:59.116,416.3934596648612,1004
2024-09-16 12:52:59.141,416.3848445387732,998
2024-09-16 12:52:59.147,416.450315990712,95
2024-09-16 12:52:59.155,416.4021342559967,100
2024-09-16 12:52:59.161,416.40990510212873,1004
2024-09-16 12:52:59.171,416.4066049866596,9
2024-09-16 12:52:59.245,41.63815010533799,13
2024-09-16 12:52:59.269,416.45071359081095,100
2024-09-16 12:52:59.293,416.4172660997381,15
2024-09-16 12:52:59.347,416.4553899655623,13
2024-09-16 12:52:59.355,416.3977203472641,1004
2024-09-16 12:52:59.419,416.3957395331141,98
2024-09-16 12:52:59.453,416.3696712393999,105
2024-09-16 12:52:59.546,416.4002098743377,99
2024-09-16 12:52:59.579,416.3956417982012,1003
2024-09-16 12:52:59.674,416.40675241239273,1001
2024-09-16 12:52:59.758,41.637276187829045,1000
2024-09-16 12:52:59.762,416.4041783582725,96
2024-09-16 12:52:59.771,416.4255076054908,997
2024-09-16 12:52:59.807,416.39672669288274,102
2024-09-16 12:52:59.825,416.4060289595161,11
2024-09-16 12:52:59.840,416.3852854911414,100
2024-09-16 12:52:59.882,416.3803460137234,101
2024-09-16 12:52:59.948,416.38761908329946,996
2024-09-16 12:52:59.981,416.4100521324632,14
2024-09-16 12:52:59.985,416.42808345655305,15
2024-09-16 12:52:59.989,416.3959159110143,1002
