Timestamp,Price,Size
2024-09-18 11:57:00.236,416.9763654150148,12
2024-09-18 11:57:00.273,417.0067904337217,99
2024-09-18 11:57:00.301,417.0045118703932,995
2024-09-18 11:57:00.369,416.9950836390569,1002
2024-09-18 11:57:00.373,416.9682217393628,996
2024-09-18 11:57:00.412,416.9848585785763,5
2024-09-18 11:57:00.727,416.9935887040579,11
2024-09-18 11:57:00.757,417.0031571594158,100
2024-09-18 11:57:00.812,416.9748963147183,11
2024-09-18 11:57:00.849,417.0145842469104,6
2024-09-18 11:57:00.903,417.0105641297258,15
2024-09-18 11:57:01.087,41.69777551296524,14
2024-09-18 11:57:01.150,416.97546196519113,104
2024-09-18 11:57:01.194,416.9710198183317,8
2024-09-18 11:57:01.244,416.9854619941608,10
2024-09-18 11:57:01.317,416.9979686985801,102
2024-09-18 11:57:01.351,416.98969812758463,5
2024-09-18 11:57:01.392,416.9944694734249,996
2024-09-18 11:57:01.651,416.9875496546426,99
2024-09-18 11:57:01.774,416.9860585763314,10
2024-09-18 11:57:01.825,416.9907040134778,9
2024-09-18 11:57:01.847,416.9693498624391,1001
2024-09-18 11:57:01.877,416.9955967123844,100
2024-09-18 11:57:01.919,416.9784024950043,6
2024-09-18 11:57:01.965,416.9843446434011,996
2024-09-18 11:57:02.080,416.946274054728,102
2024-09-18 11:57:02.125,416.98124814836535,999
2024-09-18 11:57:02.146,41.69945473109849,98
2024-09-18 11:57:02.161,416.99100232168735,7
2024-09-18 11:57:02.231,416.9556669137994,97
2024-09-18 11:57:02.405,416.94447817022905,11
2024-09-18 11:57:02.518,417.0006022469504,102
2024-09-18 11:57:02.536,416.9532405901948,5
2024-09-18 11:57:02.559,416.9389023590402,14
2024-09-18 11:57:02.673,416.9430448078541,99
2024-09-18 11:57:02.696,416.96307804669857,1001
2024-09-18 11:57:02.709,416.9502392851598,14
2024-09-18 11:57:02.730,416.9615748574708,6
2024-09-18 11:57:02.804,416.9818654243884,996
2024-09-18 11:57:02.830,416.9976944296744,1001
2024-09-18 11:57:02.833,416.9793799470566,996
2024-09-18 11:57:02.926,416.9717985731139,104
2024-09-18 11:57:02.968,416.968959675363,12
2024-09-18 11:57:03.002,416.9286119847529,14
2024-09-18 11:57:03.087,416.9534367886076,97
2024-09-18 11:57:03.119,416.9664261603924,105
2024-09-18 11:57:03.137,416.928598578928,11
2024-09-18 11:57:03.243,416.9632160780814,1001
2024-09-18 11:57:03.274,416.95955485096135,1004
2024-09-18 11:57:03.305,416.938398192285,105
2024-09-18 11:57:03.314,416.9580143850524,12
2024-09-18 11:57:03.336,416.9427644349839,13
2024-09-18 11:57:03.356,416.9517996858491,98
2024-09-18 11:57:03.444,416.95964176716944,8
2024-09-18 11:57:03.486,416.9092839323231,14
2024-09-18 11:57:03.487,416.95504740964367,97
2024-09-18 11:57:03.516,416.938085402594,7
2024-09-18 11:57:03.636,416.9381896974661,96
2024-09-18 11:57:03.648,416.95478972726914,1003
2024-09-18 11:57:03.766,416.96671034811226,103
2024-09-18 11:57:03.796,416.9457430778032,1002
2024-09-18 11:57:03.803,416.9403146500063,1005
2024-09-18 11:57:03.835,416.95593966320206,103
2024-09-18 11:57:03.841,416.9463713723807,8
2024-09-18 11:57:03.872,416.9723613368985,1003
2024-09-18 11:57:03.878,416.93380674395263,8
2024-09-18 11:57:03.893,,7
2024-09-18 11:57:03.902,416.9723735612702,1001
2024-09-18 11:57:04.014,416.9185919148825,1001
2024-09-18 11:57:04.088,416.9442506752145,1005
2024-09-18 11:57:04.114,416.9595892506826,100
2024-09-18 11:57:04.122,416.9090765776499,13
2024-09-18 11:57:04.169,416.9428682824482,1004
2024-09-18 11:57:04.258,416.91238616514255,9
2024-09-18 11:57:04.336,416.935583623748,97
2024-09-18 11:57:04.342,416.9468257798681,96
2024-09-18 11:57:04.462,416.9549301757367,10
2024-09-18 11:57:04.468,416.92382075054496,101
2024-09-18 11:57:04.495,416.900649279504,1003
2024-09-18 11:57:04.607,416.93193766278006,995
2024-09-18 11:57:04.643,416.9223744064993,98
2024-09-18 11:57:04.697,416.93279975514463,1001
2024-09-18 11:57:04.711,416.9236576629805,103
2024-09-18 11:57:04.716,416.919927181342,96
2024-09-18 11:57:04.750,416.94356013105744,98
2024-09-18 11:57:04.816,416.93018882677865,97
2024-09-18 11:57:04.896,416.925759887165,95
2024-09-18 11:57:04.935,416.9264841671206,1002
2024-09-18 11:57:04.951,416.9315248638521,9
2024-09-18 11:57:05.005,416.8947841557708,1002
2024-09-18 11:57:05.064,416.9015403674413,95
2024-09-18 11:57:05.086,416.9037266434542,104
2024-09-18 11:57:05.100,416.89070404055553,1005
2024-09-18 11:57:05.172,,1000
2024-09-18 11:57:05.221,416.9168141169778,101
2024-09-18 11:57:05.317,416.8784127927871,7
2024-09-18 11:57:05.338,416.8660298350092,998
2024-09-18 11:57:05.339,416.884160522871,15
2024-09-18 11:57:05.352,416.8934277773528,14
2024-09-18 11:57:05.417,416.8904850957497,1005
2024-09-18 11:57:05.467,416.89008070377554,997
2024-09-18 11:57:05.496,416.90910551560097,98
2024-09-18 11:57:05.508,416.8577025053968,8
2024-09-18 11:57:05.552,416.8735182242769,14
2024-09-18 11:57:05.552,416.89416222336,1005
2024-09-18 11:57:05.590,416.90240692090657,13
2024-09-18 11:57:05.606,416.8731320821826,13
2024-09-18 11:57:05.611,416.9074210259965,1003
2024-09-18 11:57:05.613,416.8873675622144,8
2024-09-18 11:57:05.674,416.90157922950806,997
2024-09-18 11:57:05.705,416.88802339816846,97
2024-09-18 11:57:05.728,416.8749671538736,8
2024-09-18 11:57:06.874,416.8494837463043,9
2024-09-18 11:57:07.002,416.8666506721124,102
2024-09-18 11:57:07.006,416.9466791142144,9
2024-09-18 11:57:07.008,-416.9115038719301,1005
2024-09-18 11:57:07.034,416.9039920476176,11
2024-09-18 11:57:07.139,416.9196056098224,7
2024-09-18 11:57:07.209,416.910861551286,96
2024-09-18 11:57:07.231,416.9346601952887,5
2024-09-18 11:57:07.247,416.9227285095601,999
2024-09-18 11:57:07.249,416.9365970990159,1003
2024-09-18 11:57:07.315,416.9762651355613,6
2024-09-18 11:57:07.321,416.8985812912432,8
2024-09-18 11:57:07.369,416.9022060228615,995
2024-09-18 11:57:07.395,417.0065502133763,12
2024-09-18 11:57:07.408,416.95665018521146,1005
2024-09-18 11:57:07.486,416.8881207224241,1003
2024-09-18 11:57:07.515,416.9340609076176,105
2024-09-18 11:57:07.519,416.9817365741271,103
2024-09-18 11:57:07.526,416.8863734702358,1005
2024-09-18 11:57:07.561,416.9306628535778,14
2024-09-18 11:57:07.608,417.01221161345273,6
2024-09-18 11:57:07.611,416.893977925948,999
2024-09-18 11:57:07.673,416.9366750028251,7
2024-09-18 11:57:07.722,416.9701758710512,8
2024-09-18 11:57:07.755,416.8847522538036,997
2024-09-18 11:57:07.805,416.93778983891815,11
2024-09-18 11:57:07.854,416.93959678325984,9
2024-09-18 11:57:07.868,417.01742435358574,5
2024-09-18 11:57:07.917,416.994198883016,104
2024-09-18 11:57:07.999,416.9065558250673,102
2024-09-18 11:57:08.039,417.0465836400418,97
2024-09-18 11:57:08.146,417.0377643532117,99
2024-09-18 11:57:08.166,417.02743299644607,14
2024-09-18 11:57:08.199,417.0132428498568,104
2024-09-18 11:57:08.206,417.0303507944168,96
2024-09-18 11:57:08.220,417.0510338561493,103
2024-09-18 11:57:08.224,417.02977379650486,101
2024-09-18 11:57:08.248,417.03121997303504,1005
2024-09-18 11:57:08.259,417.0433133724282,6
2024-09-18 11:57:08.261,417.0493288957109,101
2024-09-18 11:57:08.266,417.037160034169,97
2024-09-18 11:57:08.290,417.0339866809628,1000
2024-09-18 11:57:08.326,,8
2024-09-18 11:57:08.359,417.0470649794571,101
2024-09-18 11:57:08.383,416.9948489987676,14
2024-09-18 11:57:08.410,417.0311208627788,997
2024-09-18 11:57:08.468,417.0129380173369,1002
2024-09-18 11:57:08.480,417.0278147679456,95
2024-09-18 11:57:08.484,417.0338013613201,103
2024-09-18 11:57:08.514,417.0420373366204,8
2024-09-18 11:57:08.514,417.0336999347295,1002
2024-09-18 11:57:08.783,417.0690385732361,100
2024-09-18 11:57:08.824,417.0468388150575,997
2024-09-18 11:57:08.954,417.052349313138,104
2024-09-18 11:57:08.980,417.0371983475811,104
2024-09-18 11:57:08.996,417.03123286997015,1000
2024-09-18 11:57:08.997,417.0284021485072,99
2024-09-18 11:57:09.034,417.025357356015,1005
2024-09-18 11:57:09.189,417.0274994958744,7
2024-09-18 11:57:09.190,417.0371751879694,9
2024-09-18 11:57:09.194,416.9757946735654,100
2024-09-18 11:57:09.314,417.0401404083918,12
2024-09-18 11:57:09.343,417.0356716138198,102
2024-09-18 11:57:09.551,416.9902126487605,11
2024-09-18 11:57:09.659,416.9359333247236,101
2024-09-18 11:57:09.698,417.0481254532624,995
2024-09-18 11:57:09.735,416.9658145630784,101
2024-09-18 11:57:09.796,417.003673752637,102
2024-09-18 11:57:09.898,417.0167277892384,1002
2024-09-18 11:57:09.904,417.0276753222389,1005
2024-09-18 11:57:09.907,417.0630743965826,100
2024-09-18 11:57:09.916,417.0328223954127,11
2024-09-18 11:57:09.921,417.027366400722,104
2024-09-18 11:57:09.948,417.0398452788468,15
2024-09-18 11:57:09.995,416.9822132462268,1003
2024-09-18 11:57:10.027,416.9203317216658,996
2024-09-18 11:57:10.036,416.9249059764509,15
2024-09-18 11:57:10.045,416.91315213515776,12
2024-09-18 11:57:10.052,416.9273111561324,998
2024-09-18 11:57:10.130,416.92382198388935,14
2024-09-18 11:57:10.149,416.9631248630413,995
2024-09-18 11:57:10.197,416.9746508387879,100
2024-09-18 11:57:10.270,416.9120275825509,99
2024-09-18 11:57:10.480,416.9388242909268,10
2024-09-18 11:57:10.532,416.9507661962304,15
2024-09-18 11:57:10.562,416.9525109875887,100
2024-09-18 11:57:10.571,416.930851095769,1000
2024-09-18 11:57:10.634,416.9607517809826,1003
2024-09-18 11:57:10.660,416.988497957532,11
2024-09-18 11:57:10.740,41.69170816414467,105
2024-09-18 11:57:10.754,416.94896754315647,98
2024-09-18 11:57:10.759,416.937740518056,98
2024-09-18 11:57:10.785,416.91260571643306,1002
2024-09-18 11:57:10.813,416.98341626077,95
2024-09-18 11:57:10.843,416.9283112367022,9
2024-09-18 11:57:10.936,416.9654333064219,1002
2024-09-18 11:57:10.943,416.9666411192935,11
2024-09-18 11:57:10.968,416.9588984473114,14
2024-09-18 11:57:11.008,416.91953567009824,5
2024-09-18 11:57:11.013,416.9211836636213,6
2024-09-18 11:57:11.113,416.84199901955634,996
2024-09-18 11:57:11.118,416.882986976582,995
2024-09-18 11:57:11.188,416.969896518658,97
2024-09-18 11:57:11.199,416.94483367215537,995
2024-09-18 11:57:11.219,416.94817889591866,7
2024-09-18 11:57:11.220,416.9283561285382,98
2024-09-18 11:57:11.263,416.9665097098197,102
2024-09-18 11:57:11.270,416.9312316889279,995
2024-09-18 11:57:11.326,416.9292702804391,95
2024-09-18 11:57:11.376,416.8909824249391,1004
2024-09-18 11:57:11.437,416.9365925573438,10
2024-09-18 11:57:11.473,416.96694301073865,102
2024-09-18 11:57:11.580,416.936913893028,99
2024-09-18 11:57:11.603,416.87007753830574,13
2024-09-18 11:57:11.638,416.93030936815234,8
2024-09-18 11:57:11.642,416.8666845131005,995
2024-09-18 11:57:11.657,416.9076104925112,11
2024-09-18 11:57:11.693,,1002
2024-09-18 11:57:11.716,416.9577569675644,97
2024-09-18 11:57:11.744,416.8887943172545,999
2024-09-18 11:57:11.783,416.9301019328031,100
2024-09-18 11:57:11.837,416.9194693281798,11
2024-09-18 11:57:11.872,416.9221440363282,1001
2024-09-18 11:57:11.913,416.86988776885306,999
2024-09-18 11:57:11.927,416.9010659556953,995
2024-09-18 11:57:11.930,416.9177168371136,995
2024-09-18 11:57:11.968,416.9393630536274,1001
2024-09-18 11:57:11.975,416.87459332384105,1005
2024-09-18 11:57:12.024,416.8214323832492,1001
2024-09-18 11:57:12.038,416.8378270039936,10
2024-09-18 11:57:12.145,416.8205972298114,5
2024-09-18 11:57:12.176,416.8115820887464,998
2024-09-18 11:57:12.178,416.86556519368594,15
2024-09-18 11:57:12.232,416.8373718760155,13
2024-09-18 11:57:12.378,416.8097872714882,11
2024-09-18 11:57:12.508,416.8287915828874,6
2024-09-18 11:57:12.528,416.8118352947955,995
2024-09-18 11:57:12.557,416.8552377437254,9
2024-09-18 11:57:12.587,416.85627451440575,11
2024-09-18 11:57:12.601,416.8123598512354,96
2024-09-18 11:57:12.630,416.8886024234366,14
2024-09-18 11:57:12.727,416.8237264947558,15
2024-09-18 11:57:12.752,416.8248217394181,102
2024-09-18 11:57:12.830,416.898217235492,11
2024-09-18 11:57:12.859,416.9277860927074,104
2024-09-18 11:57:12.929,416.89162545901553,9
2024-09-18 11:57:12.952,416.8032687451795,10
2024-09-18 11:57:13.078,416.7813025713957,1003
2024-09-18 11:57:13.086,416.8053692912027,105
2024-09-18 11:57:13.121,416.78895261760925,8
2024-09-18 11:57:13.156,416.8094448683036,11
2024-09-18 11:57:13.280,416.791311197316,1005
2024-09-18 11:57:13.379,416.7917758074324,1000
2024-09-18 11:57:13.403,416.7934714334096,103
2024-09-18 11:57:13.455,416.7892075454845,11
2024-09-18 11:57:13.460,416.832203712549,6
2024-09-18 11:57:13.465,416.7926133523157,98
2024-09-18 11:57:13.470,416.7880418804078,999
2024-09-18 11:57:13.487,416.8405210676361,1004
2024-09-18 11:57:13.618,416.8050966189693,1000
2024-09-18 11:57:13.661,416.79086020155495,104
2024-09-18 11:57:13.664,416.82612000173526,998
2024-09-18 11:57:13.750,416.82550752368127,999
2024-09-18 11:57:13.763,416.83066084510097,998
2024-09-18 11:57:13.806,416.8271137475134,95
2024-09-18 11:57:13.810,416.8105326346191,1005
2024-09-18 11:57:14.539,416.8300571116822,995
2024-09-18 11:57:15.161,416.8037364943096,105
2024-09-18 11:57:15.196,416.7281559852914,1003
2024-09-18 11:57:15.196,416.8338914558228,15
2024-09-18 11:57:15.282,416.7951546222413,10
2024-09-18 11:57:15.290,416.7966448305757,10
2024-09-18 11:57:15.303,416.8340852847857,7
2024-09-18 11:57:15.440,416.8256562203078,8
2024-09-18 11:57:15.506,416.7825635171885,996
2024-09-18 11:57:15.582,416.8458223295498,11
2024-09-18 11:57:15.657,416.7368553534813,995
2024-09-18 11:57:15.675,416.8325048284621,1000
2024-09-18 11:57:15.695,416.8065018740394,998
2024-09-18 11:57:15.712,416.8255850057887,995
2024-09-18 11:57:15.777,416.83638312160366,100
2024-09-18 11:57:16.003,416.6900809715063,1003
2024-09-18 11:57:16.040,416.68864616735937,996
2024-09-18 11:57:16.106,416.7018198727552,9
2024-09-18 11:57:16.122,416.7060874873077,104
2024-09-18 11:57:16.168,416.6708657000146,6
2024-09-18 11:57:16.182,416.6861346539661,10
2024-09-18 11:57:16.315,416.66348478260267,96
2024-09-18 11:57:16.349,416.6715449032651,996
2024-09-18 11:57:16.389,416.72325711814,8
2024-09-18 11:57:16.454,416.72868734628935,100
2024-09-18 11:57:16.476,416.7034393658804,1003
2024-09-18 11:57:16.506,416.6988191391923,98
2024-09-18 11:57:16.539,416.70323441305584,96
2024-09-18 11:57:16.573,416.6945281626296,12
2024-09-18 11:57:16.619,416.7125516697127,97
2024-09-18 11:57:16.647,416.70864159872673,995
2024-09-18 11:57:16.657,416.7134382773252,996
2024-09-18 11:57:16.667,416.7330824105817,8
2024-09-18 11:57:16.673,416.67926038094015,997
2024-09-18 11:57:16.699,416.6804986224504,9
2024-09-18 11:57:16.710,416.7070837399651,11
2024-09-18 11:57:16.835,416.7064449176407,1003
2024-09-18 11:57:16.882,416.66233154202746,10
2024-09-18 11:57:16.939,416.6933862743887,11
2024-09-18 11:57:16.975,416.7141962547396,1001
2024-09-18 11:57:16.978,416.6974545241379,998
2024-09-18 11:57:17.096,416.6798476425315,1004
2024-09-18 11:57:17.104,416.7343427501293,97
2024-09-18 11:57:17.168,416.7143146222682,998
2024-09-18 11:57:17.170,416.6723668192801,1002
2024-09-18 11:57:17.226,416.7357338291957,1001
2024-09-18 11:57:17.254,416.6830625655528,99
2024-09-18 11:57:17.271,416.74381785262767,7
2024-09-18 11:57:17.304,416.7113411856477,1003
2024-09-18 11:57:17.309,416.71756371378586,7
2024-09-18 11:57:17.328,416.7232244385848,100
2024-09-18 11:57:17.345,416.6454369051258,5
2024-09-18 11:57:17.424,416.65239241448006,15
2024-09-18 11:57:17.465,416.7284992736815,1003
2024-09-18 11:57:17.481,416.69214432780814,1003
2024-09-18 11:57:17.506,416.69776578616415,996
2024-09-18 11:57:17.561,416.688194158438,15
2024-09-18 11:57:17.621,416.71865005134777,11
2024-09-18 11:57:17.647,416.7081484915273,100
2024-09-18 11:57:17.706,416.7023714869592,1004
2024-09-18 11:57:17.757,416.7340310385781,7
2024-09-18 11:57:17.849,41.66797193547608,101
2024-09-18 11:57:17.857,416.6554045581704,98
2024-09-18 11:57:17.902,416.6515418989262,1000
2024-09-18 11:57:18.100,416.6908606929337,15
2024-09-18 11:57:18.157,416.68404413054407,99
2024-09-18 11:57:18.166,416.67765466606113,101
2024-09-18 11:57:18.217,416.6784873231019,98
2024-09-18 11:57:18.348,416.6920616123104,103
2024-09-18 11:57:18.366,416.6813951931919,14
2024-09-18 11:57:18.433,416.68303901752495,104
2024-09-18 11:57:18.460,416.6917545021043,1005
2024-09-18 11:57:18.940,416.6965491804171,97
2024-09-18 11:57:18.968,416.6976643959359,7
2024-09-18 11:57:18.978,416.68785926201446,996
2024-09-18 11:57:19.011,416.7424159660768,999
2024-09-18 11:57:19.035,416.7428167733823,997
2024-09-18 11:57:19.116,416.6860704844548,13
2024-09-18 11:57:19.126,416.7021644387717,5
2024-09-18 11:57:19.184,416.74673154430377,11
2024-09-18 11:57:19.196,416.7441190626827,1005
2024-09-18 11:57:19.208,416.76974230081504,996
2024-09-18 11:57:19.258,416.7345439063664,996
2024-09-18 11:57:19.270,416.7535618016085,104
2024-09-18 11:57:19.282,416.7400706807756,999
2024-09-18 11:57:19.380,416.762281149392,6
2024-09-18 11:57:19.383,416.7240935838586,15
2024-09-18 11:57:19.430,416.68202969432286,8
2024-09-18 11:57:19.474,416.6907332508875,15
2024-09-18 11:57:19.514,416.7362688813225,995
2024-09-18 11:57:19.517,416.7588347187018,13
2024-09-18 11:57:19.537,416.7359604123541,97
2024-09-18 11:57:19.553,416.7575545147625,15
2024-09-18 11:57:19.611,416.739213731321,101
2024-09-18 11:57:19.654,416.7025709927688,99
2024-09-18 11:57:19.702,416.7061057891213,97
2024-09-18 11:57:19.730,416.6867894625324,995
2024-09-18 11:57:19.749,416.71476328213583,6
2024-09-18 11:57:19.820,416.6837628347987,1001
2024-09-18 11:57:19.831,416.7559561338456,95
2024-09-18 11:57:19.832,416.7793963912754,1001
2024-09-18 11:57:19.910,416.6732850804547,7
2024-09-18 11:57:19.950,416.7157794350205,104
2024-09-18 11:57:21.018,416.7764013041356,14
2024-09-18 11:57:21.155,416.73835587134,1003
2024-09-18 11:57:21.173,416.72333382778896,97
2024-09-18 11:57:21.176,416.7610473040576,100
2024-09-18 11:57:21.305,416.7544271867614,15
2024-09-18 11:57:21.318,416.73773280366777,103
2024-09-18 11:57:21.381,416.7280630026775,999
2024-09-18 11:57:21.382,416.72831737909775,1003
2024-09-18 11:57:21.415,416.7407599614232,99
2024-09-18 11:57:21.444,416.7634562096602,7
2024-09-18 11:57:21.446,416.7550892856648,1005
2024-09-18 11:57:21.535,416.7690526778105,100
2024-09-18 11:57:21.555,416.769110878813,105
2024-09-18 11:57:21.571,416.8006128406952,98
2024-09-18 11:57:21.591,416.7167445466847,105
2024-09-18 11:57:21.611,416.72268793682304,11
2024-09-18 11:57:21.683,416.7707315612963,995
2024-09-18 11:57:21.684,416.7516985426026,99
2024-09-18 11:57:21.761,416.7262052861735,100
2024-09-18 11:57:21.805,416.7354888363476,1002
2024-09-18 11:57:21.908,416.747090401374,12
2024-09-18 11:57:21.948,,5
2024-09-18 11:57:22.012,416.7356468028809,997
2024-09-18 11:57:22.222,416.72938864205565,10
2024-09-18 11:57:22.278,416.6955369478172,1005
2024-09-18 11:57:22.325,416.7123329152104,1001
2024-09-18 11:57:22.342,416.7092607098736,1001
2024-09-18 11:57:22.407,416.7235859654605,104
2024-09-18 11:57:22.509,416.72103997105353,97
2024-09-18 11:57:22.553,416.7149805842867,95
2024-09-18 11:57:22.624,416.72576232907807,9
2024-09-18 11:57:22.707,416.7235515577474,98
2024-09-18 11:57:22.741,416.72477078812057,97
2024-09-18 11:57:22.909,416.73335095079887,14
2024-09-18 11:57:22.981,416.7075922059811,97
2024-09-18 11:57:23.014,416.6678260224031,5
2024-09-18 11:57:23.512,416.66908186986,96
2024-09-18 11:57:23.603,416.6593772189421,1000
2024-09-18 11:57:24.016,416.6878744824962,996
2024-09-18 11:57:24.031,416.6719693908557,15
2024-09-18 11:57:24.064,416.7066971396707,8
2024-09-18 11:57:24.103,416.6879066720393,997
2024-09-18 11:57:24.121,416.7078783558295,104
2024-09-18 11:57:24.186,416.6779245695175,12
2024-09-18 11:57:24.225,416.66415810877095,13
2024-09-18 11:57:24.306,416.68586621167736,8
2024-09-18 11:57:24.321,416.70690141628455,12
2024-09-18 11:57:24.341,416.6556316400197,996
2024-09-18 11:57:24.359,416.669279441854,7
2024-09-18 11:57:24.387,416.6776763292823,103
2024-09-18 11:57:24.478,416.67218072751496,99
2024-09-18 11:57:24.496,416.66957205006327,998
2024-09-18 11:57:24.500,416.7041937044793,996
2024-09-18 11:57:24.519,416.6883076285766,11
2024-09-18 11:57:24.541,416.65479761234434,101
2024-09-18 11:57:24.586,416.6542147536977,999
2024-09-18 11:57:24.615,416.6517931113629,9
2024-09-18 11:57:24.623,416.66445127510696,101
2024-09-18 11:57:24.846,416.6698527227709,97
2024-09-18 11:57:25.060,416.6544318647493,105
2024-09-18 11:57:25.107,416.6294035188521,100
2024-09-18 11:57:25.120,416.65859790153,998
2024-09-18 11:57:25.127,416.60950473529607,96
2024-09-18 11:57:25.339,416.6430650385645,105
2024-09-18 11:57:25.363,416.6575735757902,999
2024-09-18 11:57:25.438,416.6330318957168,103
2024-09-18 11:57:25.484,416.64838723885737,97
2024-09-18 11:57:25.489,416.6301070241717,1003
2024-09-18 11:57:25.492,416.6349234771156,1000
2024-09-18 11:57:25.500,416.596449483,103
2024-09-18 11:57:25.548,416.6201245644361,101
2024-09-18 11:57:25.552,416.6640694403308,997
2024-09-18 11:57:25.655,41.663370206715776,6
2024-09-18 11:57:25.691,416.6502475571705,999
2024-09-18 11:57:25.693,416.6649684031531,1005
2024-09-18 11:57:25.733,416.649525435233,96
2024-09-18 11:57:25.758,416.6532774875401,996
2024-09-18 11:57:25.764,416.62947958668383,999
2024-09-18 11:57:25.766,416.63627564517947,101
2024-09-18 11:57:25.815,416.6520001440885,101
2024-09-18 11:57:25.874,416.6517241738911,95
2024-09-18 11:57:25.892,416.600456906713,14
2024-09-18 11:57:26.040,416.66705634704056,997
2024-09-18 11:57:26.083,416.6564593012757,14
2024-09-18 11:57:26.121,416.66765101319385,12
2024-09-18 11:57:26.220,416.6732426550574,105
2024-09-18 11:57:26.264,416.65070933893935,6
2024-09-18 11:57:26.312,416.6575502800608,998
2024-09-18 11:57:26.482,416.66406667749897,99
2024-09-18 11:57:26.600,416.6725278683448,99
2024-09-18 11:57:26.661,416.66439043734607,8
2024-09-18 11:57:26.966,416.6787383751776,13
2024-09-18 11:57:27.029,416.6459454497981,9
2024-09-18 11:57:27.199,416.6927665060284,1004
2024-09-18 11:57:27.234,416.68507676716166,1003
2024-09-18 11:57:27.622,416.6641949806301,15
2024-09-18 11:57:27.717,416.649172779231,1001
2024-09-18 11:57:27.773,416.6920102222752,10
2024-09-18 11:57:28.075,416.70983192387433,96
2024-09-18 11:57:28.089,416.692534276441,1004
2024-09-18 11:57:28.146,416.70579159196495,9
2024-09-18 11:57:28.179,416.7021527259866,995
2024-09-18 11:57:28.256,416.7100982889947,14
2024-09-18 11:57:28.265,416.6863606572745,8
2024-09-18 11:57:28.294,416.6837043509894,998
2024-09-18 11:57:28.347,416.6939881083319,6
2024-09-18 11:57:28.482,416.68871534036776,104
2024-09-18 11:57:28.557,416.691661721017,99
2024-09-18 11:57:28.708,,101
2024-09-18 11:57:28.856,416.6789726977025,996
2024-09-18 11:57:29.069,416.6944394353927,995
2024-09-18 11:57:29.214,416.7197046635323,96
2024-09-18 11:57:29.241,416.6731044641481,1000
2024-09-18 11:57:29.249,416.6836461301462,7
2024-09-18 11:57:29.502,416.68609296093183,95
2024-09-18 11:57:29.580,416.7488705160832,105
2024-09-18 11:57:29.603,416.6891886406244,9
2024-09-18 11:57:29.617,416.6864656509433,1002
2024-09-18 11:57:29.617,416.7375581514037,97
2024-09-18 11:57:29.792,416.69679084086056,10
2024-09-18 11:57:29.797,416.71914938103583,13
2024-09-18 11:57:29.944,416.6828505219208,14
2024-09-18 11:57:29.958,416.74376948857446,12
2024-09-18 11:57:30.003,416.7449515848008,1005
2024-09-18 11:57:30.030,416.7504229761894,11
2024-09-18 11:57:30.092,416.7503295569556,999
2024-09-18 11:57:30.193,416.7324196446609,1004
2024-09-18 11:57:30.710,416.7479776195627,1003
2024-09-18 11:57:30.711,416.7492284336501,96
2024-09-18 11:57:31.009,,998
2024-09-18 11:57:31.148,416.8326918484164,9
2024-09-18 11:57:31.194,416.8297512793166,997
2024-09-18 11:57:31.276,416.7452802513101,12
2024-09-18 11:57:31.328,416.79525401459966,1001
2024-09-18 11:57:31.364,416.8084353888004,103
2024-09-18 11:57:31.398,416.80626738628746,12
2024-09-18 11:57:31.407,416.8695058588484,98
2024-09-18 11:57:31.429,416.8716226548387,103
2024-09-18 11:57:31.480,416.757922958683,1004
2024-09-18 11:57:31.501,416.8594925486368,11
2024-09-18 11:57:31.515,416.7955337710027,12
2024-09-18 11:57:31.756,416.8449000775414,1002
2024-09-18 11:57:31.767,416.8639177849861,1002
2024-09-18 11:57:31.822,416.75466281378704,101
2024-09-18 11:57:31.843,416.7901079521964,8
2024-09-18 11:57:31.848,416.8608122812156,1000
2024-09-18 11:57:31.884,416.8515690179637,13
2024-09-18 11:57:31.934,41.67654670141511,9
2024-09-18 11:57:31.939,416.8386008802239,15
2024-09-18 11:57:31.946,416.833000916132,1003
2024-09-18 11:57:32.036,416.77540246599375,15
2024-09-18 11:57:32.101,416.7950821918776,12
2024-09-18 11:57:32.107,416.7676511844975,7
2024-09-18 11:57:32.176,416.78083887864045,6
2024-09-18 11:57:32.311,416.78250742521806,6
2024-09-18 11:57:32.604,416.7857651697217,10
2024-09-18 11:57:32.725,416.7769281548868,101
2024-09-18 11:57:32.776,416.7683914992194,103
2024-09-18 11:57:32.807,416.7678906465338,95
2024-09-18 11:57:32.850,41.67746292753578,99
2024-09-18 11:57:33.013,416.8077533312828,103
2024-09-18 11:57:33.064,416.84203584390576,1003
2024-09-18 11:57:33.131,416.84344243421606,998
2024-09-18 11:57:33.206,416.8276176641661,98
2024-09-18 11:57:33.226,416.8138296792764,96
2024-09-18 11:57:33.371,416.8388365892077,102
2024-09-18 11:57:33.379,416.8366975747328,102
2024-09-18 11:57:33.393,416.8043658263511,1004
2024-09-18 11:57:33.483,416.802078485099,1002
2024-09-18 11:57:33.531,416.8196109512322,1002
2024-09-18 11:57:33.552,416.82094146876574,1002
2024-09-18 11:57:33.596,416.8091832763286,7
2024-09-18 11:57:33.615,416.80705227781607,13
2024-09-18 11:57:33.645,416.8664858782287,100
2024-09-18 11:57:33.648,416.8570497701256,1003
2024-09-18 11:57:33.706,416.8276152230479,1000
2024-09-18 11:57:33.786,416.849981932946,95
2024-09-18 11:57:33.795,416.8304628443577,10
2024-09-18 11:57:33.869,416.82160776377634,11
2024-09-18 11:57:34.051,416.8569306148712,98
2024-09-18 11:57:34.088,416.9199199347018,997
2024-09-18 11:57:34.224,416.9104709866061,1005
2024-09-18 11:57:34.411,416.9158975882325,102
2024-09-18 11:57:34.419,416.9091605629761,100
2024-09-18 11:57:34.428,416.860764184366,1003
2024-09-18 11:57:34.454,416.8444218756642,13
2024-09-18 11:57:34.508,-416.9007811366423,103
2024-09-18 11:57:34.529,416.9153455778212,6
2024-09-18 11:57:34.537,416.9101304726521,97
2024-09-18 11:57:34.565,416.8937754981429,1000
2024-09-18 11:57:34.677,416.90168602637925,995
2024-09-18 11:57:34.698,416.8912802034868,9
2024-09-18 11:57:34.739,416.85852236059714,1003
2024-09-18 11:57:34.753,416.89633532180505,11
2024-09-18 11:57:34.759,416.9114901434554,105
2024-09-18 11:57:34.968,416.8469060037261,103
2024-09-18 11:57:34.980,416.8950123037093,1005
2024-09-18 11:57:34.993,416.8886216606456,15
2024-09-18 11:57:35.164,416.9175125331249,98
2024-09-18 11:57:35.177,416.9050262096593,999
2024-09-18 11:57:35.220,416.9422657624026,5
2024-09-18 11:57:35.239,416.905785165927,6
2024-09-18 11:57:35.300,416.9048040329692,98
2024-09-18 11:57:35.315,416.9291594785728,96
2024-09-18 11:57:35.377,416.88380883437424,13
2024-09-18 11:57:35.403,416.94089318380463,997
2024-09-18 11:57:35.405,416.9140228540676,14
2024-09-18 11:57:35.510,416.9289467615105,1002
2024-09-18 11:57:35.529,416.9011599766434,104
2024-09-18 11:57:35.570,416.9401149208596,9
2024-09-18 11:57:35.575,416.9381373496686,95
2024-09-18 11:57:35.764,416.9235479677293,1000
2024-09-18 11:57:35.773,416.92837565881655,105
2024-09-18 11:57:35.830,416.8888831096132,15
2024-09-18 11:57:35.843,416.92348091848936,7
2024-09-18 11:57:35.856,416.8632858948604,8
2024-09-18 11:57:35.856,416.8896493337356,10
2024-09-18 11:57:35.862,416.9231078581012,1004
2024-09-18 11:57:35.867,416.9135823069539,99
2024-09-18 11:57:35.933,416.9094586479632,5
2024-09-18 11:57:35.953,416.93483500954505,998
2024-09-18 11:57:35.999,416.93533168272273,15
2024-09-18 11:57:36.089,416.9603717320383,9
2024-09-18 11:57:36.217,416.9349264812328,997
2024-09-18 11:57:36.234,416.94075724626657,103
2024-09-18 11:57:36.253,416.9525785093082,998
2024-09-18 11:57:36.268,416.9543896225212,1003
2024-09-18 11:57:36.508,416.9542295117382,100
2024-09-18 11:57:36.665,416.94733111259575,995
2024-09-18 11:57:36.756,416.9393668156856,99
2024-09-18 11:57:36.933,416.931430017986,13
2024-09-18 11:57:36.942,416.958207978258,995
2024-09-18 11:57:37.003,416.9106308290502,5
2024-09-18 11:57:37.023,416.96391256332015,103
2024-09-18 11:57:37.118,416.9663282479797,102
2024-09-18 11:57:37.126,41.69560319024788,105
2024-09-18 11:57:37.134,416.96362498538014,5
2024-09-18 11:57:37.273,416.9386398028546,1001
2024-09-18 11:57:37.338,416.92923976229184,1000
2024-09-18 11:57:37.431,416.98243275445367,100
2024-09-18 11:57:37.437,416.9271792037474,1000
2024-09-18 11:57:37.501,416.9250121352614,5
2024-09-18 11:57:37.518,416.9412245538804,14
2024-09-18 11:57:37.540,416.9183258578896,11
2024-09-18 11:57:37.653,416.9474751188332,15
2024-09-18 11:57:37.733,416.9599991892032,1000
2024-09-18 11:57:37.793,416.9769223072078,1000
2024-09-18 11:57:37.922,416.91483569426,998
2024-09-18 11:57:37.932,416.9202280552005,999
2024-09-18 11:57:37.967,416.9179005053867,6
2024-09-18 11:57:37.973,416.9223688913079,12
2024-09-18 11:57:38.025,416.94575130225286,15
2024-09-18 11:57:38.292,416.9584814268823,1004
2024-09-18 11:57:38.519,416.95309369081104,95
2024-09-18 11:57:38.532,416.95745961659776,8
2024-09-18 11:57:38.829,416.9541107431749,8
2024-09-18 11:57:38.864,416.9510218509689,997
2024-09-18 11:57:38.886,416.93027819869167,101
2024-09-18 11:57:38.908,416.957490935916,7
2024-09-18 11:57:39.040,416.9364942354273,14
2024-09-18 11:57:39.051,416.9756109271724,6
2024-09-18 11:57:39.069,416.9602563961677,100
2024-09-18 11:57:39.109,416.9638535905458,104
2024-09-18 11:57:39.135,416.9826146803283,997
2024-09-18 11:57:39.144,416.9056943102216,14
2024-09-18 11:57:39.157,416.9750656744894,999
2024-09-18 11:57:39.171,416.9911496715478,10
2024-09-18 11:57:39.178,416.95716508669415,998
2024-09-18 11:57:39.230,416.942097537893,1005
2024-09-18 11:57:39.244,416.9901799938792,95
2024-09-18 11:57:39.302,416.9657075684068,101
2024-09-18 11:57:39.339,416.9642879595261,104
2024-09-18 11:57:39.396,416.9653604682106,998
2024-09-18 11:57:39.399,416.9822087822775,9
2024-09-18 11:57:39.406,416.9618686288148,99
2024-09-18 11:57:39.536,416.9796905009519,105
2024-09-18 11:57:39.610,416.95692609263,102
2024-09-18 11:57:39.630,416.966635332746,7
2024-09-18 11:57:39.666,416.9631817743801,100
2024-09-18 11:57:39.672,416.9676874674971,5
2024-09-18 11:57:39.678,416.9623279689605,13
2024-09-18 11:57:39.688,416.9193072075982,8
2024-09-18 11:57:39.717,416.9658176317601,12
2024-09-18 11:57:39.755,416.9423265460576,97
2024-09-18 11:57:39.780,416.9015005278963,12
2024-09-18 11:57:39.880,416.91582034531285,997
2024-09-18 11:57:39.929,416.9739849419062,5
2024-09-18 11:57:39.942,416.96282093029606,95
2024-09-18 11:57:39.976,416.9296664906564,998
2024-09-18 11:57:40.065,417.0187381049431,95
2024-09-18 11:57:40.117,417.0038696938952,1003
2024-09-18 11:57:40.124,416.9372272078877,996
2024-09-18 11:57:40.168,417.00153212539385,998
2024-09-18 11:57:40.231,417.018679223452,998
2024-09-18 11:57:40.274,416.9710255721972,10
2024-09-18 11:57:40.282,417.0078259009633,1004
2024-09-18 11:57:40.316,417.0084550704221,8
2024-09-18 11:57:40.423,416.9799492551957,96
2024-09-18 11:57:40.552,417.01724036300976,95
2024-09-18 11:57:40.584,416.93441121269615,96
2024-09-18 11:57:40.594,417.0205908324375,14
2024-09-18 11:57:40.597,416.985073607451,995
2024-09-18 11:57:40.648,416.9483540144123,104
2024-09-18 11:57:40.648,416.9948649759498,100
2024-09-18 11:57:40.695,416.9343016957545,102
2024-09-18 11:57:40.698,416.9458522507892,105
2024-09-18 11:57:40.751,416.9397955919096,997
2024-09-18 11:57:40.794,417.0012471015417,997
2024-09-18 11:57:40.845,416.9456035297314,10
2024-09-18 11:57:40.874,416.9981081511148,99
2024-09-18 11:57:40.894,416.9522775965596,96
2024-09-18 11:57:40.919,416.9945486071596,104
2024-09-18 11:57:40.949,416.93476311456,99
2024-09-18 11:57:40.958,417.0083410446498,996
2024-09-18 11:57:40.977,416.99580595311295,5
2024-09-18 11:57:41.005,417.0328263353656,100
2024-09-18 11:57:41.008,416.9648773652328,996
2024-09-18 11:57:41.016,417.0103218812469,98
2024-09-18 11:57:41.021,417.00057579490215,15
2024-09-18 11:57:41.055,417.0277784974506,103
2024-09-18 11:57:41.226,416.9908983320439,997
2024-09-18 11:57:41.234,417.0177739870185,995
2024-09-18 11:57:41.246,417.0075380117552,99
2024-09-18 11:57:41.266,416.9687553205532,1005
2024-09-18 11:57:41.293,416.9636273272323,104
2024-09-18 11:57:41.349,417.0056282273474,1004
2024-09-18 11:57:41.353,417.0081232993152,101
2024-09-18 11:57:41.391,417.0142470709739,12
2024-09-18 11:57:41.432,416.9944442149341,14
2024-09-18 11:57:41.442,416.9781929566445,12
2024-09-18 11:57:41.473,416.9889183363279,1001
2024-09-18 11:57:41.579,416.9983319962937,999
2024-09-18 11:57:41.597,417.01691341047865,97
2024-09-18 11:57:41.619,417.0303007231855,103
2024-09-18 11:57:41.682,416.98865326701934,10
2024-09-18 11:57:41.724,417.00007389072624,12
2024-09-18 11:57:41.742,416.9682236089593,10
2024-09-18 11:57:41.771,416.96628910754737,10
2024-09-18 11:57:41.856,417.0034470796844,14
2024-09-18 11:57:41.859,416.9806075919191,995
2024-09-18 11:57:41.874,416.97784034995857,95
2024-09-18 11:57:41.975,416.9553745857546,999
2024-09-18 11:57:42.036,416.9859005493688,96
2024-09-18 11:57:42.055,416.9596405786113,12
2024-09-18 11:57:42.060,416.96708767229313,1002
2024-09-18 11:57:42.088,416.987856737308,102
2024-09-18 11:57:42.109,416.9630940634742,9
2024-09-18 11:57:42.116,416.94175908669047,13
2024-09-18 11:57:42.146,416.951544297004,7
2024-09-18 11:57:42.220,416.98785914891545,102
2024-09-18 11:57:42.221,416.99263485355016,1002
2024-09-18 11:57:42.259,416.9773294315431,15
2024-09-18 11:57:42.265,416.98220135612775,98
2024-09-18 11:57:42.279,416.96124353017086,1001
2024-09-18 11:57:42.359,416.9794078136694,1003
2024-09-18 11:57:42.362,416.9419011842412,14
2024-09-18 11:57:42.433,416.9595722654942,10
2024-09-18 11:57:42.647,416.9569876009416,1002
2024-09-18 11:57:42.701,416.9506185419907,7
2024-09-18 11:57:42.715,416.9526340100805,104
2024-09-18 11:57:42.754,416.9509522475763,15
2024-09-18 11:57:42.771,416.9565450481459,1002
2024-09-18 11:57:42.782,416.991856430181,101
2024-09-18 11:57:42.809,416.9686076099846,8
2024-09-18 11:57:42.830,416.96935540847824,103
2024-09-18 11:57:42.873,416.9730343289678,97
2024-09-18 11:57:43.038,416.9487679136638,12
2024-09-18 11:57:43.258,416.9310400845053,10
2024-09-18 11:57:43.475,,14
2024-09-18 11:57:44.032,416.9381455651811,10
2024-09-18 11:57:45.563,416.9383124286051,103
2024-09-18 11:57:46.069,416.8956149169036,998
2024-09-18 11:57:46.086,416.8501620459108,9
2024-09-18 11:57:46.107,416.9500962543016,100
2024-09-18 11:57:46.130,416.8831523674803,12
2024-09-18 11:57:46.133,416.9350435906391,1000
2024-09-18 11:57:46.204,416.90159453031015,15
2024-09-18 11:57:46.250,416.8870554860415,1002
2024-09-18 11:57:46.279,416.8731516254928,98
2024-09-18 11:57:46.286,416.8962868953549,999
2024-09-18 11:57:46.373,416.9188003073616,96
2024-09-18 11:57:46.392,416.8523387725099,995
2024-09-18 11:57:46.427,416.9228149420707,1000
2024-09-18 11:57:46.432,416.853710160164,999
2024-09-18 11:57:46.447,416.8843372364332,1005
2024-09-18 11:57:46.541,416.8715257700226,11
2024-09-18 11:57:46.610,416.88689590912594,103
2024-09-18 11:57:46.612,416.8842033208705,9
2024-09-18 11:57:46.657,416.8954230310901,999
2024-09-18 11:57:46.721,416.866652133084,998
2024-09-18 11:57:46.783,416.88019114535416,98
2024-09-18 11:57:46.798,416.8656918257644,999
2024-09-18 11:57:46.869,,12
2024-09-18 11:57:46.957,416.9085246034245,100
2024-09-18 11:57:46.985,416.9201651056674,997
2024-09-18 11:57:47.067,416.86279690641055,99
2024-09-18 11:57:47.324,416.8864791006529,1004
2024-09-18 11:57:47.595,416.8776748475961,1004
2024-09-18 11:57:47.632,416.8995987936762,10
2024-09-18 11:57:47.637,416.90970185384685,10
2024-09-18 11:57:47.650,416.8769269308248,995
2024-09-18 11:57:47.801,416.8874792673727,9
2024-09-18 11:57:47.888,416.8803172106403,97
2024-09-18 11:57:48.117,416.8899599333994,7
2024-09-18 11:57:48.193,416.88995794471504,100
2024-09-18 11:57:48.208,416.90785056852434,11
2024-09-18 11:57:48.231,416.8597405534126,1003
2024-09-18 11:57:48.357,416.8586241080908,13
2024-09-18 11:57:48.375,,5
2024-09-18 11:57:48.446,416.8759969005191,1002
2024-09-18 11:57:48.476,416.9061189912914,10
2024-09-18 11:57:48.585,416.9221483507131,996
2024-09-18 11:57:48.645,416.9328447875762,6
2024-09-18 11:57:48.659,416.86942924325234,1004
2024-09-18 11:57:48.750,416.8607870269987,1001
2024-09-18 11:57:48.793,416.9137617328754,9
2024-09-18 11:57:48.800,416.9105489366223,996
2024-09-18 11:57:48.829,416.8989139766708,1000
2024-09-18 11:57:48.856,416.899211530291,98
2024-09-18 11:57:48.954,416.8696383149438,8
2024-09-18 11:57:48.975,416.9292420849105,1002
2024-09-18 11:57:49.000,416.9101907625411,15
2024-09-18 11:57:49.108,416.8979078038162,1001
2024-09-18 11:57:49.144,-416.9094269131545,100
2024-09-18 11:57:49.197,416.8538679748032,12
2024-09-18 11:57:49.208,416.8927491343442,9
2024-09-18 11:57:49.417,416.8605006019914,996
2024-09-18 11:57:49.454,416.88126405940494,997
2024-09-18 11:57:49.488,416.8628089380047,105
2024-09-18 11:57:49.709,416.8673416947785,14
2024-09-18 11:57:49.713,416.8656337182493,14
2024-09-18 11:57:49.777,416.8659658893056,97
2024-09-18 11:57:49.854,416.8704773593281,13
2024-09-18 11:57:49.959,416.8624464976464,96
2024-09-18 11:57:49.987,416.859170521776,1000
2024-09-18 11:57:50.194,416.83951083317,1005
2024-09-18 11:57:50.218,416.8697614816608,10
2024-09-18 11:57:50.392,416.8496261549448,996
2024-09-18 11:57:50.405,416.8372673875265,1000
2024-09-18 11:57:50.433,416.8490205613412,1000
2024-09-18 11:57:50.442,416.8632228176343,99
2024-09-18 11:57:50.470,416.8513100915324,96
2024-09-18 11:57:50.490,416.85553765973344,101
2024-09-18 11:57:50.506,416.846881498215,99
2024-09-18 11:57:50.602,416.8520809163175,5
2024-09-18 11:57:50.620,416.8257120384892,1000
2024-09-18 11:57:50.748,416.8627476689575,11
2024-09-18 11:57:50.774,416.8387677498321,1004
2024-09-18 11:57:50.814,416.8520502849373,101
2024-09-18 11:57:50.863,416.83522670266,14
2024-09-18 11:57:50.942,416.84819566034207,995
2024-09-18 11:57:50.957,416.83463529605297,6
2024-09-18 11:57:50.978,416.8369220316371,103
2024-09-18 11:57:50.980,416.7979601386686,995
2024-09-18 11:57:50.988,416.8003013358397,97
2024-09-18 11:57:51.048,416.8027416671198,7
2024-09-18 11:57:51.130,416.8022655445485,11
2024-09-18 11:57:51.132,416.8475338271164,996
2024-09-18 11:57:51.143,416.85295485448967,9
2024-09-18 11:57:51.150,416.8490832891803,1004
2024-09-18 11:57:51.216,416.8606831012675,97
2024-09-18 11:57:51.304,416.8313580396752,97
2024-09-18 11:57:51.304,416.8286411114584,1002
2024-09-18 11:57:51.424,416.7977164477421,102
2024-09-18 11:57:51.443,416.8322075142363,5
2024-09-18 11:57:51.488,416.8377445231074,999
2024-09-18 11:57:51.598,41.68546200457144,101
2024-09-18 11:57:51.646,416.8169016786172,97
2024-09-18 11:57:51.731,416.857881551618,11
2024-09-18 11:57:51.740,-416.7981946990233,97
2024-09-18 11:57:51.752,416.8394509216169,10
2024-09-18 11:57:51.850,416.8518370177539,15
2024-09-18 11:57:51.890,416.8343801797265,1001
2024-09-18 11:57:51.949,416.830167831652,96
2024-09-18 11:57:51.971,416.8196934949599,5
2024-09-18 11:57:52.006,416.8113036792778,13
2024-09-18 11:57:52.065,416.8130468203853,104
2024-09-18 11:57:52.078,416.8557530144057,104
2024-09-18 11:57:52.206,416.86405085587273,995
2024-09-18 11:57:52.229,416.82778441511294,105
2024-09-18 11:57:52.337,416.852614759591,11
2024-09-18 11:57:52.418,416.7990656831423,1000
2024-09-18 11:57:52.481,416.8045755639122,1000
2024-09-18 11:57:52.587,416.8344689687332,14
2024-09-18 11:57:52.618,416.7818558203573,101
2024-09-18 11:57:52.730,416.8290111670044,97
2024-09-18 11:57:52.744,416.8041524225184,15
2024-09-18 11:57:52.910,416.8273570421098,998
2024-09-18 11:57:52.932,416.79422024503737,102
2024-09-18 11:57:52.936,416.8216725919698,6
2024-09-18 11:57:52.956,416.7976786146284,1002
2024-09-18 11:57:52.997,416.80381248269657,1005
2024-09-18 11:57:53.074,416.8898766283049,1002
2024-09-18 11:57:53.133,416.8902545864999,7
2024-09-18 11:57:53.141,416.9023845475977,1002
2024-09-18 11:57:53.184,416.8973131103041,995
2024-09-18 11:57:53.418,416.9089572526997,13
2024-09-18 11:57:53.428,416.8902697840135,1004
2024-09-18 11:57:53.487,416.88721617708126,96
2024-09-18 11:57:53.517,416.8717857413403,7
2024-09-18 11:57:53.570,416.8735999304527,10
2024-09-18 11:57:53.668,416.9122820901206,99
2024-09-18 11:57:53.752,416.910490934048,1002
2024-09-18 11:57:53.761,416.9023126221171,999
2024-09-18 11:57:53.863,416.8746040513664,5
2024-09-18 11:57:53.886,416.8908869396021,13
2024-09-18 11:57:53.908,416.8936935256512,103
2024-09-18 11:57:54.390,416.8963424694473,105
2024-09-18 11:57:55.071,416.8627479296389,102
2024-09-18 11:57:55.084,416.9423147699461,1005
2024-09-18 11:57:55.092,416.8697182101609,7
2024-09-18 11:57:55.140,416.9198406586384,997
2024-09-18 11:57:55.181,416.9463717272338,14
2024-09-18 11:57:55.318,416.9349697867111,97
2024-09-18 11:57:55.386,416.8903194252419,15
2024-09-18 11:57:55.432,416.948776177852,1001
2024-09-18 11:57:55.449,416.954811246153,997
2024-09-18 11:57:55.450,416.9383180493304,997
2024-09-18 11:57:55.479,416.8866417352678,5
2024-09-18 11:57:55.502,416.892130351965,1002
2024-09-18 11:57:55.513,416.8839617171366,101
2024-09-18 11:57:55.574,416.9053222408436,12
2024-09-18 11:57:55.576,416.9070315500575,13
2024-09-18 11:57:55.581,416.8708650134213,103
2024-09-18 11:57:55.588,416.89076219993626,9
2024-09-18 11:57:55.645,416.8782760034719,95
2024-09-18 11:57:55.762,416.8828086773969,1002
2024-09-18 11:57:55.832,416.93594727772165,1001
2024-09-18 11:57:55.865,416.9316207683906,15
2024-09-18 11:57:55.895,416.8750490651464,1002
2024-09-18 11:57:55.928,416.8632005273337,97
2024-09-18 11:57:55.963,416.93064500506,1004
2024-09-18 11:57:55.999,416.8902874895779,104
2024-09-18 11:57:56.010,417.047128752968,12
2024-09-18 11:57:56.126,417.0171860394606,11
2024-09-18 11:57:56.173,417.0137673619355,104
2024-09-18 11:57:56.253,416.98230618758737,15
2024-09-18 11:57:56.339,416.9522029997025,999
2024-09-18 11:57:56.409,417.0183226635734,996
2024-09-18 11:57:56.601,416.9936397031781,104
2024-09-18 11:57:56.682,416.9741378856213,98
2024-09-18 11:57:56.746,417.0075289617611,96
2024-09-18 11:57:56.749,416.9952337846665,100
2024-09-18 11:57:56.842,417.0351328648819,9
2024-09-18 11:57:57.005,417.01887223691824,1005
2024-09-18 11:57:57.046,417.01669241492846,105
2024-09-18 11:57:57.070,417.0096216219778,101
2024-09-18 11:57:57.124,416.9598541689354,1003
2024-09-18 11:57:57.199,417.0034005314762,105
2024-09-18 11:57:57.329,416.94217928688136,95
2024-09-18 11:57:57.330,416.9845381027564,14
2024-09-18 11:57:57.393,416.9919222659109,98
2024-09-18 11:57:57.402,416.9500749366656,104
2024-09-18 11:57:57.454,416.9677003764834,103
2024-09-18 11:57:57.471,416.9751935704726,14
2024-09-18 11:57:57.521,416.9003720486753,12
2024-09-18 11:57:57.530,417.01727682885286,104
2024-09-18 11:57:57.550,416.9910620578648,11
2024-09-18 11:57:57.573,416.9675726744496,14
2024-09-18 11:57:57.633,417.0304865616138,12
2024-09-18 11:57:57.701,41.69780983080516,999
2024-09-18 11:57:57.707,416.97526897037903,998
2024-09-18 11:57:57.710,416.91914919277104,8
2024-09-18 11:57:57.743,416.97413571554296,1002
2024-09-18 11:57:57.787,417.0267132557916,103
2024-09-18 11:57:57.818,416.9540977699693,5
2024-09-18 11:57:57.871,416.929665380021,5
2024-09-18 11:57:57.880,416.9556664739832,95
2024-09-18 11:57:57.888,416.95836137979256,104
2024-09-18 11:57:57.910,417.015041311051,105
2024-09-18 11:57:57.918,416.9526573642096,103
2024-09-18 11:57:57.984,416.9624220768696,99
2024-09-18 11:57:59.190,416.9856080510683,996
