Timestamp,Price,Size
2024-09-16 14:55:00.015,416.7328701310431,7
2024-09-16 14:55:00.034,416.7590672855437,9
2024-09-16 14:55:00.083,416.7125440812069,10
2024-09-16 14:55:00.114,416.68599986042045,1001
2024-09-16 14:55:00.117,416.75245259777535,102
2024-09-16 14:55:00.197,416.734791691807,1000
2024-09-16 14:55:00.310,416.70038705219935,9
2024-09-16 14:55:00.354,416.7207373551849,103
2024-09-16 14:55:00.449,416.73216767989936,1004
2024-09-16 14:55:00.458,416.74850761136,997
2024-09-16 14:55:00.491,416.7383821692828,1004
2024-09-16 14:55:00.505,416.7340750499968,103
2024-09-16 14:55:00.521,416.7344984678499,1001
2024-09-16 14:55:00.546,416.7757710353288,14
2024-09-16 14:55:00.556,416.6991741753285,996
2024-09-16 14:55:00.703,416.6864785310472,14
2024-09-16 14:55:00.716,416.7158069149158,1003
2024-09-16 14:55:00.771,416.7109525777301,11
2024-09-16 14:55:00.783,416.755920470013,103
2024-09-16 14:55:00.848,416.70254298709335,99
2024-09-16 14:55:00.887,416.7128609402633,95
2024-09-16 14:55:00.887,416.7124326961566,98
2024-09-16 14:55:00.989,416.74418642201385,13
2024-09-16 14:55:01.087,416.7267744622167,1003
2024-09-16 14:55:01.098,416.7667330119529,102
2024-09-16 14:55:01.150,416.7226439250204,1005
2024-09-16 14:55:01.231,416.7869687692278,14
2024-09-16 14:55:01.289,416.7419273225943,12
2024-09-16 14:55:01.329,416.7276222047004,99
2024-09-16 14:55:01.347,416.7637739465069,995
2024-09-16 14:55:01.466,416.753955888438,7
2024-09-16 14:55:01.490,416.68626558594514,97
2024-09-16 14:55:01.603,416.72005261703714,1004
2024-09-16 14:55:01.622,416.7597926141584,97
2024-09-16 14:55:01.633,416.7499812297091,100
2024-09-16 14:55:01.669,416.6956941128211,1005
2024-09-16 14:55:01.891,416.68577016680734,103
2024-09-16 14:55:01.898,416.7475492233162,9
2024-09-16 14:55:01.907,416.7540575934961,95
2024-09-16 14:55:01.942,416.6997246576826,5
2024-09-16 14:55:02.054,416.74505788455633,14
2024-09-16 14:55:02.061,416.7055062966272,7
2024-09-16 14:55:02.074,418.8586198510786,104
2024-09-16 14:55:02.085,416.6958378135956,99
2024-09-16 14:55:02.088,416.6752882983917,7
2024-09-16 14:55:02.110,416.6737683148296,999
2024-09-16 14:55:02.120,416.7297224095632,9
2024-09-16 14:55:02.251,416.7948672221015,97
2024-09-16 14:55:02.302,416.72805111682754,97
2024-09-16 14:55:02.430,416.72045852665,1005
2024-09-16 14:55:02.442,416.8045921299208,15
2024-09-16 14:55:02.450,,101
2024-09-16 14:55:02.451,416.7038395255536,999
2024-09-16 14:55:02.456,416.69122379277263,10
2024-09-16 14:55:02.460,416.6801958909476,8
2024-09-16 14:55:02.479,416.74171296931735,101
2024-09-16 14:55:02.535,416.7617695135233,100
2024-09-16 14:55:02.588,416.746511933327,1000
2024-09-16 14:55:02.593,416.69443891433554,995
2024-09-16 14:55:02.631,416.7158759263869,1001
2024-09-16 14:55:02.634,416.7314317227631,103
2024-09-16 14:55:02.649,416.68184899185945,97
2024-09-16 14:55:02.665,416.6848281333696,997
2024-09-16 14:55:02.668,416.6751695618097,102
2024-09-16 14:55:02.685,416.699080360715,105
2024-09-16 14:55:02.702,416.68686289775417,104
2024-09-16 14:55:02.781,416.7122748568533,7
2024-09-16 14:55:02.832,416.7323856081039,13
2024-09-16 14:55:03.053,,10
2024-09-16 14:55:03.061,416.83681177684775,8
2024-09-16 14:55:03.079,416.7760486329565,102
2024-09-16 14:55:03.196,416.8132566077296,15
2024-09-16 14:55:03.240,416.8143953903289,12
2024-09-16 14:55:03.284,416.8473669662721,1002
2024-09-16 14:55:03.302,416.80929903636206,12
2024-09-16 14:55:03.364,-416.8163086193792,10
2024-09-16 14:55:03.423,416.8077312559661,6
2024-09-16 14:55:03.450,416.8369744314229,10
2024-09-16 14:55:03.450,416.7788567990176,999
2024-09-16 14:55:03.459,416.8078521449778,105
2024-09-16 14:55:03.501,416.80366566337096,12
2024-09-16 14:55:03.530,416.8024959226672,7
2024-09-16 14:55:03.590,416.8358260321984,995
2024-09-16 14:55:03.723,416.80998373895375,12
2024-09-16 14:55:03.735,416.81877715056527,10
2024-09-16 14:55:03.786,416.8253872936747,13
2024-09-16 14:55:03.880,416.8239091805788,99
2024-09-16 14:55:03.932,416.8130066034874,9
2024-09-16 14:55:03.973,416.84203873134464,1001
2024-09-16 14:55:04.064,416.77282349760094,1000
2024-09-16 14:55:04.104,416.7792553045542,98
2024-09-16 14:55:04.137,416.7503403609063,14
2024-09-16 14:55:04.141,416.77186824645634,996
2024-09-16 14:55:04.169,416.76953121058057,6
2024-09-16 14:55:04.272,416.7784428913982,102
2024-09-16 14:55:04.319,416.7682350357667,98
2024-09-16 14:55:04.397,416.78452577505885,103
2024-09-16 14:55:04.453,416.8132420288165,95
2024-09-16 14:55:04.458,416.7766894275962,11
2024-09-16 14:55:04.518,416.7690856620582,14
2024-09-16 14:55:04.527,416.7917843174939,1002
2024-09-16 14:55:04.598,416.8067241113211,9
2024-09-16 14:55:04.602,416.75083877553016,8
2024-09-16 14:55:04.635,416.7794078640328,103
2024-09-16 14:55:04.679,416.8003591123874,1001
2024-09-16 14:55:04.701,416.7768582225503,15
2024-09-16 14:55:04.767,416.7761080074752,1000
2024-09-16 14:55:04.830,416.7587851224659,8
2024-09-16 14:55:04.912,416.7568379347077,97
2024-09-16 14:55:05.062,416.80482726388186,6
2024-09-16 14:55:05.091,416.7781918510872,1003
2024-09-16 14:55:05.209,416.8145663731891,10
2024-09-16 14:55:05.223,416.7930245885496,103
2024-09-16 14:55:05.320,416.8157211555858,8
2024-09-16 14:55:05.463,416.7852354326709,1005
2024-09-16 14:55:05.465,416.8135792308561,96
2024-09-16 14:55:05.553,416.7851540066436,12
2024-09-16 14:55:05.554,416.8059902409343,100
2024-09-16 14:55:05.601,416.8065514797544,104
2024-09-16 14:55:05.640,416.8280434732249,996
2024-09-16 14:55:05.671,416.7908842913504,5
2024-09-16 14:55:05.696,416.8102572970107,10
2024-09-16 14:55:05.843,416.76865212371234,13
2024-09-16 14:55:05.866,416.77539374920417,103
2024-09-16 14:55:05.973,416.8198307079059,101
2024-09-16 14:55:05.980,416.7864580571455,5
2024-09-16 14:55:06.227,416.7839835691973,96
2024-09-16 14:55:06.360,416.7923415999896,12
2024-09-16 14:55:06.380,416.7766693556765,1003
2024-09-16 14:55:06.495,416.7800243020047,1000
2024-09-16 14:55:06.617,416.7670576313511,11
2024-09-16 14:55:06.695,416.7408315305014,998
2024-09-16 14:55:06.834,416.76774255161456,105
2024-09-16 14:55:07.043,416.71857010076775,997
2024-09-16 14:55:07.047,416.6976953531628,95
2024-09-16 14:55:07.170,416.76525331630313,1005
2024-09-16 14:55:07.239,416.7178624717523,7
2024-09-16 14:55:07.371,416.734961356311,105
2024-09-16 14:55:07.391,416.69856053807854,12
2024-09-16 14:55:07.400,416.7379131812663,13
2024-09-16 14:55:07.407,416.7382970778276,1002
2024-09-16 14:55:07.439,416.7016246424275,9
2024-09-16 14:55:07.441,-416.7070372250572,97
2024-09-16 14:55:07.482,416.721539016685,100
2024-09-16 14:55:07.499,416.7099943931191,1004
2024-09-16 14:55:07.535,416.72616745502575,98
2024-09-16 14:55:07.599,416.7241219429479,102
2024-09-16 14:55:07.635,416.7015779541495,95
2024-09-16 14:55:07.773,416.7134844232848,996
2024-09-16 14:55:07.773,416.7006945864821,1004
2024-09-16 14:55:07.783,416.7143433476704,102
2024-09-16 14:55:07.794,416.7070752429189,999
2024-09-16 14:55:07.857,416.6978856622042,6
2024-09-16 14:55:07.870,416.7293942637165,7
2024-09-16 14:55:07.874,416.74238228259225,14
2024-09-16 14:55:07.892,416.7471254931312,10
2024-09-16 14:55:07.942,416.7143918466264,9
2024-09-16 14:55:07.968,416.7003767784233,1002
2024-09-16 14:55:07.994,416.6982387341976,14
2024-09-16 14:55:08.029,416.767976526125,995
2024-09-16 14:55:08.069,416.7721539477087,1002
2024-09-16 14:55:08.107,416.7096656619405,97
2024-09-16 14:55:08.119,,1005
2024-09-16 14:55:08.343,416.761488745913,998
2024-09-16 14:55:08.351,416.7591827869804,99
2024-09-16 14:55:08.388,416.7411769198654,10
2024-09-16 14:55:08.479,416.7256990707451,1003
2024-09-16 14:55:08.515,416.76937339870807,15
2024-09-16 14:55:08.580,416.7873523873505,14
2024-09-16 14:55:08.591,416.7239403366468,995
2024-09-16 14:55:08.719,416.7725834506126,995
2024-09-16 14:55:08.756,416.7700026903009,1005
2024-09-16 14:55:08.978,416.7227705133621,1000
2024-09-16 14:55:09.194,416.7723030442552,1004
2024-09-16 14:55:09.204,416.7699746091856,6
2024-09-16 14:55:09.273,416.7846597563391,995
2024-09-16 14:55:09.300,416.7880007008376,104
2024-09-16 14:55:09.313,416.7995770343607,1004
2024-09-16 14:55:09.466,416.755033361749,104
2024-09-16 14:55:09.498,416.7796789384287,12
2024-09-16 14:55:09.566,416.7499091932762,1003
2024-09-16 14:55:09.785,416.7827311050922,996
2024-09-16 14:55:09.914,416.748786313554,8
2024-09-16 14:55:09.969,416.7570866513789,999
2024-09-16 14:55:09.997,416.7590051000825,100
2024-09-16 14:55:10.013,416.88052048575935,1001
2024-09-16 14:55:10.042,416.9186408945743,7
2024-09-16 14:55:10.049,416.9125775814948,998
2024-09-16 14:55:10.109,416.8736983522178,1004
2024-09-16 14:55:10.471,416.9004129194294,995
2024-09-16 14:55:10.493,416.838666456045,98
2024-09-16 14:55:10.506,416.8359533531481,10
2024-09-16 14:55:10.510,416.9236540028396,998
2024-09-16 14:55:10.513,416.9003520285322,5
2024-09-16 14:55:10.810,416.8334335378431,9
2024-09-16 14:55:10.814,416.84156317440704,99
2024-09-16 14:55:10.929,416.8929664743314,999
2024-09-16 14:55:11.051,416.9159248596325,9
2024-09-16 14:55:11.326,416.89798826242304,998
2024-09-16 14:55:11.345,416.9023347637912,999
2024-09-16 14:55:11.364,416.9180491399524,103
2024-09-16 14:55:11.400,416.8921503362383,6
2024-09-16 14:55:11.590,-416.9202356778468,999
2024-09-16 14:55:11.658,416.8975006503275,14
2024-09-16 14:55:11.695,416.8965646698168,5
2024-09-16 14:55:11.703,416.8993721040188,101
2024-09-16 14:55:11.709,416.9175545852414,95
2024-09-16 14:55:11.750,416.9258969746464,999
2024-09-16 14:55:11.752,416.9140720189338,1004
2024-09-16 14:55:11.847,418.90426057030777,6
2024-09-16 14:55:11.931,416.8973162998759,11
2024-09-16 14:55:11.995,416.8890453270127,995
2024-09-16 14:55:12.004,416.9289929223836,14
2024-09-16 14:55:12.062,416.8808704244242,1001
2024-09-16 14:55:12.062,416.9829407327756,1000
2024-09-16 14:55:12.214,416.8800738352553,13
2024-09-16 14:55:12.218,416.9047477694025,6
2024-09-16 14:55:12.259,416.9367663159219,1005
2024-09-16 14:55:12.262,416.9105342984958,102
2024-09-16 14:55:12.289,416.9034331172732,12
2024-09-16 14:55:12.354,416.9016055636701,104
2024-09-16 14:55:12.456,416.9383178656855,14
2024-09-16 14:55:12.466,416.9105881513871,97
2024-09-16 14:55:12.480,416.9190662205712,1004
2024-09-16 14:55:12.646,416.89718991715625,104
2024-09-16 14:55:12.737,416.8928999440615,1000
2024-09-16 14:55:12.738,416.8991077152506,11
2024-09-16 14:55:12.759,416.92089338892765,105
2024-09-16 14:55:12.834,416.89789739329655,14
2024-09-16 14:55:12.932,416.9790722766464,11
2024-09-16 14:55:12.936,416.8976358725039,7
2024-09-16 14:55:12.958,416.9534056408355,1004
2024-09-16 14:55:12.995,416.9381167236237,7
2024-09-16 14:55:13.036,416.9817386562428,1000
2024-09-16 14:55:13.124,416.9606924234092,103
2024-09-16 14:55:13.146,416.9451542564356,99
2024-09-16 14:55:13.173,416.9397905143097,95
2024-09-16 14:55:13.300,416.9281365984253,104
2024-09-16 14:55:13.476,416.9601558230536,1002
2024-09-16 14:55:13.501,416.9423672064134,105
2024-09-16 14:55:13.540,416.93509796014143,1001
2024-09-16 14:55:13.546,416.9909859410572,105
2024-09-16 14:55:13.589,416.9665081055577,1001
2024-09-16 14:55:13.614,416.9918382924336,8
2024-09-16 14:55:13.642,416.99379251431975,1000
2024-09-16 14:55:13.698,416.9959322136618,95
2024-09-16 14:55:13.762,416.9984198848176,102
2024-09-16 14:55:13.800,416.9327681267034,99
2024-09-16 14:55:13.801,416.9510946585036,5
2024-09-16 14:55:13.825,416.92515227823696,8
2024-09-16 14:55:13.841,416.9650987225,105
2024-09-16 14:55:13.918,416.9390523789987,101
2024-09-16 14:55:14.004,416.9194996896389,103
2024-09-16 14:55:14.170,-416.94113816429166,11
2024-09-16 14:55:14.240,416.9498216538541,996
2024-09-16 14:55:14.275,416.91760348015856,1000
2024-09-16 14:55:14.292,416.9211539840606,100
2024-09-16 14:55:14.310,416.9354294320363,1001
2024-09-16 14:55:14.362,416.91483439278153,99
2024-09-16 14:55:14.527,416.9226503700335,995
2024-09-16 14:55:14.606,416.90063726197735,10
2024-09-16 14:55:14.741,416.9502865599993,104
2024-09-16 14:55:14.850,416.949123693494,1004
2024-09-16 14:55:14.859,416.9568312011688,1005
2024-09-16 14:55:15.078,416.96151995917074,99
2024-09-16 14:55:15.097,416.9632297491324,15
2024-09-16 14:55:15.150,416.9452961514509,95
2024-09-16 14:55:15.192,416.97218621335946,996
2024-09-16 14:55:15.474,416.9365197607786,97
2024-09-16 14:55:15.554,416.9151185724714,95
2024-09-16 14:55:15.557,416.94539525693614,6
2024-09-16 14:55:15.589,416.9744199455861,14
2024-09-16 14:55:15.609,416.9576264576852,6
2024-09-16 14:55:15.638,416.9271536001049,104
2024-09-16 14:55:15.650,416.94597773482286,7
2024-09-16 14:55:15.682,416.9701932445405,100
2024-09-16 14:55:15.778,416.95010238318514,997
2024-09-16 14:55:15.802,,1003
2024-09-16 14:55:15.804,416.96595725750353,11
2024-09-16 14:55:15.808,416.9665788118568,13
2024-09-16 14:55:15.905,416.9243520185968,105
2024-09-16 14:55:15.910,416.9631836579047,7
2024-09-16 14:55:15.999,416.9447504237969,97
2024-09-16 14:55:16.332,416.9264048846004,7
2024-09-16 14:55:17.183,416.9203855273669,100
2024-09-16 14:55:17.665,416.9153463509682,999
2024-09-16 14:55:18.002,416.9437919382788,100
2024-09-16 14:55:18.122,416.9423984606185,98
2024-09-16 14:55:18.213,416.9217251664656,105
2024-09-16 14:55:18.302,416.9474995090893,12
2024-09-16 14:55:18.368,416.9436253746399,1001
2024-09-16 14:55:18.392,416.923408064268,101
2024-09-16 14:55:18.412,416.9628724313633,105
2024-09-16 14:55:18.467,416.9590914161624,1003
2024-09-16 14:55:18.481,416.95585299423095,998
2024-09-16 14:55:18.504,416.9348451282817,98
2024-09-16 14:55:18.513,416.9399218097535,98
2024-09-16 14:55:18.528,416.9324316259616,98
2024-09-16 14:55:18.726,416.9483156662786,1005
2024-09-16 14:55:18.856,416.9218223046444,101
2024-09-16 14:55:19.027,416.9070908960306,996
2024-09-16 14:55:19.083,,11
2024-09-16 14:55:19.085,416.9446743898269,5
2024-09-16 14:55:19.118,416.92102605544295,1004
2024-09-16 14:55:19.126,416.8783448481292,5
2024-09-16 14:55:19.268,416.90161209430846,97
2024-09-16 14:55:19.318,416.9171556085204,1004
2024-09-16 14:55:19.319,416.9093001328853,98
2024-09-16 14:55:19.376,41.68587672062152,1003
2024-09-16 14:55:19.429,416.8966127810456,998
2024-09-16 14:55:19.458,416.8589098722058,1004
2024-09-16 14:55:19.495,416.8879841789812,103
2024-09-16 14:55:19.501,416.889260226208,15
2024-09-16 14:55:19.632,416.9286230994276,6
2024-09-16 14:55:19.664,416.91394131036543,1001
2024-09-16 14:55:19.669,416.85679665580767,14
2024-09-16 14:55:19.733,416.8586245039856,1000
2024-09-16 14:55:19.901,416.9241244570288,98
2024-09-16 14:55:19.957,416.8690416778784,100
2024-09-16 14:55:19.982,416.9201237836899,1003
2024-09-16 14:55:19.985,416.92780066177136,105
2024-09-16 14:55:19.997,416.90372030847067,6
2024-09-16 14:55:20.018,416.8511209962232,1004
2024-09-16 14:55:20.099,416.91330859520383,11
2024-09-16 14:55:20.103,416.87841751386026,105
2024-09-16 14:55:20.131,416.9071861939024,13
2024-09-16 14:55:20.195,416.9018676426688,998
2024-09-16 14:55:20.232,416.8866904830704,7
2024-09-16 14:55:20.259,416.9162597494466,100
2024-09-16 14:55:20.285,416.90116717561335,96
2024-09-16 14:55:20.318,416.8867273041127,1005
2024-09-16 14:55:20.413,-416.89101261658135,102
2024-09-16 14:55:20.489,416.898237318301,1005
2024-09-16 14:55:20.497,416.9071137318009,15
2024-09-16 14:55:20.668,416.9006983651078,97
2024-09-16 14:55:20.712,416.9066164375648,1002
2024-09-16 14:55:20.727,416.8243655762242,9
2024-09-16 14:55:20.772,416.8060153378175,6
2024-09-16 14:55:20.809,416.83718136648014,9
2024-09-16 14:55:20.928,416.8765591943318,8
2024-09-16 14:55:21.008,416.8529212145576,100
2024-09-16 14:55:21.028,416.8241111243922,997
2024-09-16 14:55:21.144,416.7894192174273,1005
2024-09-16 14:55:21.174,416.81444613944,103
2024-09-16 14:55:21.544,416.8278915621112,6
2024-09-16 14:55:21.552,416.80635511527686,5
2024-09-16 14:55:21.587,416.83268235312784,5
2024-09-16 14:55:21.709,416.8211928164208,10
2024-09-16 14:55:21.738,416.7942471540133,1001
2024-09-16 14:55:21.751,416.81707595374354,999
2024-09-16 14:55:21.845,416.8578698542056,5
2024-09-16 14:55:21.865,416.8374407018294,5
2024-09-16 14:55:22.065,416.8943673755638,996
2024-09-16 14:55:22.578,416.8716035878485,13
2024-09-16 14:55:22.691,416.9192364843986,105
2024-09-16 14:55:22.786,416.9066253099269,101
2024-09-16 14:55:23.027,416.8889258518359,95
2024-09-16 14:55:23.132,416.9425719377358,13
2024-09-16 14:55:23.133,416.92057987161326,1004
2024-09-16 14:55:23.154,416.9159182449751,7
2024-09-16 14:55:23.177,416.9217832051789,1004
2024-09-16 14:55:23.220,417.00007475734566,998
2024-09-16 14:55:23.227,417.0210421751556,99
2024-09-16 14:55:23.244,416.962215443258,7
2024-09-16 14:55:23.250,416.9084776085047,1002
2024-09-16 14:55:23.287,416.9034457959231,5
2024-09-16 14:55:23.368,416.9006575207385,995
2024-09-16 14:55:23.434,417.0046512308211,13
2024-09-16 14:55:23.473,416.93727963009786,99
2024-09-16 14:55:23.575,416.941291455079,995
2024-09-16 14:55:23.597,417.0184645864183,5
2024-09-16 14:55:23.647,416.9198563023767,95
2024-09-16 14:55:23.757,416.99962626817535,15
2024-09-16 14:55:23.810,416.9253509981381,995
2024-09-16 14:55:23.812,416.89696228737387,104
2024-09-16 14:55:23.909,416.87308770745074,104
2024-09-16 14:55:23.949,416.8820522866144,95
2024-09-16 14:55:23.963,417.0048745975228,14
2024-09-16 14:55:23.964,416.92507294293534,103
2024-09-16 14:55:23.979,416.9840087384276,14
2024-09-16 14:55:24.074,417.0168731659088,105
2024-09-16 14:55:24.170,416.9655515400424,10
2024-09-16 14:55:24.206,416.9332823141264,999
2024-09-16 14:55:24.209,417.0299122179032,8
2024-09-16 14:55:24.291,416.934508230481,96
2024-09-16 14:55:24.297,417.0140574107681,99
2024-09-16 14:55:24.307,417.012377348556,104
2024-09-16 14:55:24.309,416.9890224678069,8
2024-09-16 14:55:24.394,416.965697854528,14
2024-09-16 14:55:24.473,416.998555642374,104
2024-09-16 14:55:24.614,41.70282593161716,6
2024-09-16 14:55:24.626,416.9961370138662,101
2024-09-16 14:55:24.666,417.0361234457646,1003
2024-09-16 14:55:24.672,416.9667905470433,10
2024-09-16 14:55:24.688,417.0558317819305,10
2024-09-16 14:55:24.734,416.9948513972215,104
2024-09-16 14:55:24.751,416.9328977400874,97
2024-09-16 14:55:24.799,416.9461700607927,99
2024-09-16 14:55:24.903,416.9316350494988,1000
2024-09-16 14:55:24.921,416.9508760396213,1001
2024-09-16 14:55:24.976,416.9937880963196,1000
2024-09-16 14:55:25.042,416.9261758113657,96
2024-09-16 14:55:25.406,416.9270411958594,9
2024-09-16 14:55:25.474,416.9144114965802,100
2024-09-16 14:55:25.505,416.9251511293703,95
2024-09-16 14:55:25.970,416.9081053640768,1003
2024-09-16 14:55:26.196,416.8961383398976,100
2024-09-16 14:55:26.319,416.9078969203235,95
2024-09-16 14:55:26.338,416.9172081621891,102
2024-09-16 14:55:26.402,416.89259142022206,1002
2024-09-16 14:55:26.430,416.9094414500352,997
2024-09-16 14:55:26.441,416.8827732895414,7
2024-09-16 14:55:26.453,416.9128026186392,1004
2024-09-16 14:55:26.593,416.8929724146527,104
2024-09-16 14:55:26.728,416.8905555320364,997
2024-09-16 14:55:26.784,416.898026043083,1000
2024-09-16 14:55:26.837,416.9049052282453,13
2024-09-16 14:55:26.897,416.9029194003358,9
2024-09-16 14:55:27.362,416.9083402782728,1004
2024-09-16 14:55:27.772,416.9096824829088,15
2024-09-16 14:55:27.999,416.9145216883738,7
2024-09-16 14:55:28.231,416.8945922706344,104
2024-09-16 14:55:28.362,416.9334604779739,104
2024-09-16 14:55:28.444,416.93192434142657,97
2024-09-16 14:55:28.460,416.9099702463096,1002
2024-09-16 14:55:28.486,416.9317829892959,6
2024-09-16 14:55:28.493,416.9360635946924,104
2024-09-16 14:55:28.514,416.9235265489471,8
2024-09-16 14:55:28.539,416.8913918957885,14
2024-09-16 14:55:28.561,416.9072841866452,997
2024-09-16 14:55:28.591,416.9169062218256,98
2024-09-16 14:55:28.615,416.9110625005935,12
2024-09-16 14:55:28.675,416.9244205683048,1004
2024-09-16 14:55:28.706,416.9318705985797,97
2024-09-16 14:55:28.722,416.9378580707164,13
2024-09-16 14:55:28.751,416.9061834972114,102
2024-09-16 14:55:28.771,416.922017187634,997
2024-09-16 14:55:28.828,416.9168204705233,5
2024-09-16 14:55:28.833,416.9382932561296,1004
2024-09-16 14:55:28.898,416.9294874502238,996
2024-09-16 14:55:28.987,416.9093997677885,8
2024-09-16 14:55:28.997,416.92908310918006,9
2024-09-16 14:55:29.024,416.9340148262189,99
2024-09-16 14:55:29.120,416.9333126057221,96
2024-09-16 14:55:29.138,416.9103506591728,1001
2024-09-16 14:55:29.162,416.9457655057023,1003
2024-09-16 14:55:29.288,416.9533826394595,99
2024-09-16 14:55:29.327,416.92533604179255,8
2024-09-16 14:55:29.356,416.9347992697005,996
2024-09-16 14:55:29.377,416.9627323200396,14
2024-09-16 14:55:29.386,416.9520657122847,9
2024-09-16 14:55:29.398,416.9198800863508,6
2024-09-16 14:55:29.513,416.9475961040284,14
2024-09-16 14:55:29.668,416.9319409842453,96
2024-09-16 14:55:29.738,416.9458336299536,100
2024-09-16 14:55:29.740,416.94484172650834,995
2024-09-16 14:55:29.767,416.9618164303609,1005
2024-09-16 14:55:29.786,416.9270552974029,15
2024-09-16 14:55:29.809,416.9588274242757,10
2024-09-16 14:55:29.811,416.9547581038728,10
2024-09-16 14:55:30.050,416.98548142552585,995
2024-09-16 14:55:30.067,417.0035341328036,10
2024-09-16 14:55:30.132,417.0048496898061,99
2024-09-16 14:55:30.141,416.9617831136159,1000
2024-09-16 14:55:30.145,417.02404503153946,995
2024-09-16 14:55:30.196,417.0990896097779,95
2024-09-16 14:55:30.421,417.00344421773497,999
2024-09-16 14:55:30.554,416.9785619915508,999
2024-09-16 14:55:30.566,417.0905529620229,995
2024-09-16 14:55:30.679,416.9967646043212,9
2024-09-16 14:55:30.711,417.0552843392986,10
2024-09-16 14:55:30.769,417.0700906026577,100
2024-09-16 14:55:30.782,416.9676814095736,997
2024-09-16 14:55:30.785,416.9183969201963,101
2024-09-16 14:55:30.789,416.939754815143,98
2024-09-16 14:55:30.843,416.9252897979044,999
2024-09-16 14:55:30.844,416.9295358608184,8
2024-09-16 14:55:30.861,417.0334282015895,14
2024-09-16 14:55:30.866,416.948579788448,10
2024-09-16 14:55:30.866,416.9661161241705,997
2024-09-16 14:55:30.873,417.01478040796695,1005
2024-09-16 14:55:30.974,417.07214162360975,998
2024-09-16 14:55:31.019,418.8741690318477,997
2024-09-16 14:55:31.107,417.1075300868655,7
2024-09-16 14:55:31.330,417.09910233637487,96
2024-09-16 14:55:31.520,418.8490755033087,105
2024-09-16 14:55:31.567,417.0980157348428,1004
2024-09-16 14:55:31.905,417.10529832718487,103
2024-09-16 14:55:31.917,417.10763432734,95
2024-09-16 14:55:31.996,417.0946243450204,1002
2024-09-16 14:55:32.071,417.0947282081984,1000
2024-09-16 14:55:32.977,417.10020389992815,96
2024-09-16 14:55:32.999,417.09257419437336,6
2024-09-16 14:55:33.426,417.1053266439532,1004
2024-09-16 14:55:33.774,418.8186324339744,10
2024-09-16 14:55:34.127,416.9709703370903,1001
2024-09-16 14:55:34.158,417.03059374678736,997
2024-09-16 14:55:34.189,416.9420186742091,8
2024-09-16 14:55:34.211,417.0558661973756,5
2024-09-16 14:55:34.218,417.0709070510552,1000
2024-09-16 14:55:34.297,-417.0289841266835,1000
2024-09-16 14:55:34.319,416.9695448194877,997
2024-09-16 14:55:34.338,417.0591789398092,5
2024-09-16 14:55:34.364,416.95222215009073,6
2024-09-16 14:55:34.368,416.9664926092987,1003
2024-09-16 14:55:34.472,417.0242360976776,98
2024-09-16 14:55:34.486,416.95904943904986,995
2024-09-16 14:55:34.599,417.0778427103297,6
2024-09-16 14:55:34.602,417.0266409988973,100
2024-09-16 14:55:34.636,417.0319183220298,97
2024-09-16 14:55:34.659,417.0254274435143,1001
2024-09-16 14:55:34.660,417.0222232870743,997
2024-09-16 14:55:34.664,417.0435623765204,95
2024-09-16 14:55:34.711,417.05590752646987,1004
2024-09-16 14:55:34.742,417.0144368551967,97
2024-09-16 14:55:34.759,417.0241298906444,98
2024-09-16 14:55:34.777,417.0419801769473,100
2024-09-16 14:55:34.857,416.9934845588711,1001
2024-09-16 14:55:34.859,417.004493144465,10
2024-09-16 14:55:34.966,416.967273569284,1001
2024-09-16 14:55:35.090,416.9278314690079,998
2024-09-16 14:55:35.345,416.91127776740217,1004
2024-09-16 14:55:35.381,416.933460238596,9
2024-09-16 14:55:35.473,416.931514831792,998
2024-09-16 14:55:35.495,416.9303607657369,95
2024-09-16 14:55:35.938,416.92705716067934,998
2024-09-16 14:55:36.279,416.8651538965206,6
2024-09-16 14:55:36.432,416.90112696576045,100
2024-09-16 14:55:37.132,416.8572189103433,1002
2024-09-16 14:55:37.169,416.8104210690839,996
2024-09-16 14:55:37.250,416.8011953399453,96
2024-09-16 14:55:37.284,416.84033537469895,102
2024-09-16 14:55:37.405,416.8124384300815,10
2024-09-16 14:55:37.473,416.84657036839616,996
2024-09-16 14:55:37.536,416.8481093865323,12
2024-09-16 14:55:37.678,416.8537636777065,105
2024-09-16 14:55:37.765,416.8002398471918,1002
2024-09-16 14:55:37.775,416.81993017434286,13
2024-09-16 14:55:37.791,416.8391440664949,13
2024-09-16 14:55:37.804,416.8048255200579,9
2024-09-16 14:55:37.927,416.8209745980736,101
2024-09-16 14:55:39.820,416.78752212526166,99
2024-09-16 14:55:40.004,416.8056657843839,1004
2024-09-16 14:55:40.006,416.80539600585377,11
2024-09-16 14:55:40.043,416.81104924970685,1003
2024-09-16 14:55:40.305,416.8354809253594,102
2024-09-16 14:55:40.338,416.813109060531,1001
2024-09-16 14:55:40.593,416.82686229032754,995
2024-09-16 14:55:40.671,416.8394891224074,998
2024-09-16 14:55:40.695,416.81654027565855,15
2024-09-16 14:55:40.812,416.81252546562007,997
2024-09-16 14:55:41.016,416.7835059769713,1002
2024-09-16 14:55:41.021,416.78644427328527,995
2024-09-16 14:55:41.072,416.7718325713043,11
2024-09-16 14:55:41.263,416.7451170464463,7
2024-09-16 14:55:41.267,416.7999220133265,97
2024-09-16 14:55:41.315,416.7516559528967,1000
2024-09-16 14:55:41.339,416.7699789013005,13
2024-09-16 14:55:41.356,416.7400012122116,9
2024-09-16 14:55:41.419,416.7741126811764,100
2024-09-16 14:55:41.483,416.8034806944063,104
2024-09-16 14:55:41.751,416.76376041866274,9
2024-09-16 14:55:41.752,416.7676635298064,999
2024-09-16 14:55:41.842,416.82016828021534,10
2024-09-16 14:55:41.871,416.75256316630873,10
2024-09-16 14:55:41.996,416.7633353710767,102
2024-09-16 14:55:42.037,416.772206886749,11
2024-09-16 14:55:42.084,416.80566294333727,96
2024-09-16 14:55:42.170,416.7736017891448,7
2024-09-16 14:55:42.194,416.82529193595815,99
2024-09-16 14:55:42.388,416.83038501302894,98
2024-09-16 14:55:42.409,416.8019979981927,97
2024-09-16 14:55:42.422,416.80155794591286,1005
2024-09-16 14:55:42.527,416.82012900810366,9
2024-09-16 14:55:42.587,416.7837370636287,101
2024-09-16 14:55:42.592,416.8253438996755,97
2024-09-16 14:55:42.645,416.8371113067865,998
2024-09-16 14:55:42.661,416.8208865778329,100
2024-09-16 14:55:42.668,416.7781881284437,100
2024-09-16 14:55:42.684,416.7529385251616,96
2024-09-16 14:55:42.723,416.782262381483,1003
2024-09-16 14:55:42.764,416.8152650426091,105
2024-09-16 14:55:42.780,416.778631604814,998
2024-09-16 14:55:42.826,416.8139097737136,1003
2024-09-16 14:55:42.857,416.8241437950677,1003
2024-09-16 14:55:42.864,416.7661696538252,96
2024-09-16 14:55:42.889,416.7545951511744,101
2024-09-16 14:55:42.915,416.82772213006126,6
2024-09-16 14:55:42.988,416.83555684348096,997
2024-09-16 14:55:42.996,416.8252782917992,95
2024-09-16 14:55:43.020,416.7926697494144,1002
2024-09-16 14:55:43.042,416.8265100782248,1002
2024-09-16 14:55:43.092,416.78140305624544,995
2024-09-16 14:55:43.096,416.7948811539941,7
2024-09-16 14:55:43.181,416.8318470784377,104
2024-09-16 14:55:43.194,416.8013491867517,103
2024-09-16 14:55:43.204,416.80602598672334,15
2024-09-16 14:55:43.271,416.8060681252114,1004
2024-09-16 14:55:43.367,416.7875904596065,1000
2024-09-16 14:55:43.478,416.86050316827976,98
2024-09-16 14:55:43.491,416.77893334530046,11
2024-09-16 14:55:43.513,416.82867893376925,7
2024-09-16 14:55:43.524,416.7957458417279,97
2024-09-16 14:55:43.563,416.8158014024903,10
2024-09-16 14:55:43.598,416.7976900274329,101
2024-09-16 14:55:43.629,416.8226700046986,101
2024-09-16 14:55:43.651,416.8182445571938,11
2024-09-16 14:55:43.688,416.8170779818281,12
2024-09-16 14:55:43.720,416.7980239859315,1005
2024-09-16 14:55:43.787,416.7913453902514,5
2024-09-16 14:55:43.810,416.779592586302,103
2024-09-16 14:55:43.846,416.8097768825033,5
2024-09-16 14:55:43.870,416.7793774759383,5
2024-09-16 14:55:43.874,416.7957301388092,1004
2024-09-16 14:55:43.944,416.81424515787,1001
2024-09-16 14:55:43.983,416.8136543117163,9
2024-09-16 14:55:43.987,41.68063068142817,995
2024-09-16 14:55:44.027,416.82033861095033,1002
2024-09-16 14:55:44.145,416.8280525108865,100
2024-09-16 14:55:44.194,416.860356159524,999
2024-09-16 14:55:44.296,416.80089674518894,13
2024-09-16 14:55:44.414,416.8094917941196,6
2024-09-16 14:55:44.418,416.8195747734435,95
2024-09-16 14:55:44.471,416.8343734857755,13
2024-09-16 14:55:44.614,416.85807697695066,95
2024-09-16 14:55:44.687,416.8414847773131,99
2024-09-16 14:55:44.691,416.8239596850103,9
2024-09-16 14:55:44.744,416.8276674426514,99
2024-09-16 14:55:44.850,416.8232308903515,997
2024-09-16 14:55:44.942,416.8091719471756,104
2024-09-16 14:55:44.973,416.818709552824,6
2024-09-16 14:55:45.047,416.7645487064407,1003
2024-09-16 14:55:45.073,,1005
2024-09-16 14:55:45.075,416.7523206859139,12
2024-09-16 14:55:45.136,418.5547550011654,102
2024-09-16 14:55:45.158,416.7731929843653,7
2024-09-16 14:55:45.177,416.7787452401096,10
2024-09-16 14:55:45.250,416.7897939054943,95
2024-09-16 14:55:45.273,416.7721967389854,102
2024-09-16 14:55:45.284,416.7920437535861,95
2024-09-16 14:55:45.321,416.754950545302,97
2024-09-16 14:55:45.344,416.77602522108737,100
2024-09-16 14:55:45.484,416.751406804456,8
2024-09-16 14:55:45.498,416.7744289240039,14
2024-09-16 14:55:45.530,416.799254067699,8
2024-09-16 14:55:45.564,416.7342674472539,101
2024-09-16 14:55:45.592,416.7746587382899,996
2024-09-16 14:55:45.620,416.7786544326692,95
2024-09-16 14:55:45.773,416.7603442973476,1001
2024-09-16 14:55:45.787,416.81157249346586,99
2024-09-16 14:55:45.811,416.7946632070445,998
2024-09-16 14:55:45.896,,14
2024-09-16 14:55:45.906,416.7905127714876,1000
2024-09-16 14:55:45.928,416.7782698536385,95
2024-09-16 14:55:45.988,416.77788752748745,9
2024-09-16 14:55:46.000,416.7950308316824,11
2024-09-16 14:55:46.110,416.7573580974824,1004
2024-09-16 14:55:46.278,416.7786217316487,1002
2024-09-16 14:55:46.291,416.7724658492366,8
2024-09-16 14:55:46.336,416.7683744898253,100
2024-09-16 14:55:46.338,416.7894536577208,9
2024-09-16 14:55:46.388,416.7560096270572,105
2024-09-16 14:55:46.438,416.7771807810869,7
2024-09-16 14:55:46.468,416.7809126939699,103
2024-09-16 14:55:46.848,416.77673745458856,1003
2024-09-16 14:55:46.855,416.7832537650714,97
2024-09-16 14:55:46.927,416.7477301959524,996
2024-09-16 14:55:46.967,416.7904879108999,95
2024-09-16 14:55:46.995,416.7614890817833,105
2024-09-16 14:55:47.073,416.89209182514105,10
2024-09-16 14:55:47.077,416.8693920056515,7
2024-09-16 14:55:47.104,416.8334015487103,6
2024-09-16 14:55:47.109,416.8446773635046,102
2024-09-16 14:55:47.114,416.8310213636735,15
2024-09-16 14:55:47.176,416.83043475391776,13
2024-09-16 14:55:47.190,416.8526234148728,1003
2024-09-16 14:55:47.210,416.7891690847005,97
2024-09-16 14:55:47.254,416.81403224253296,9
2024-09-16 14:55:47.254,416.8828846375933,105
2024-09-16 14:55:47.269,416.8588731853581,104
2024-09-16 14:55:47.299,416.8880716336793,10
2024-09-16 14:55:47.376,416.8313685726725,5
2024-09-16 14:55:47.379,416.8912548475613,14
2024-09-16 14:55:47.396,416.8274344353587,104
2024-09-16 14:55:47.433,416.8211412960088,14
2024-09-16 14:55:47.439,416.8750483383315,7
2024-09-16 14:55:47.449,416.886869869842,7
2024-09-16 14:55:47.613,416.8765830515784,12
2024-09-16 14:55:47.652,416.88495536661736,1001
2024-09-16 14:55:47.663,416.87459033875626,1004
2024-09-16 14:55:47.671,416.8495025545629,97
2024-09-16 14:55:47.695,416.8702097522069,15
2024-09-16 14:55:47.700,416.8306700890694,997
2024-09-16 14:55:47.738,416.8545680753271,99
2024-09-16 14:55:47.877,416.835744043024,102
2024-09-16 14:55:47.903,416.8351409018938,103
2024-09-16 14:55:47.919,416.8440199407564,95
2024-09-16 14:55:47.960,416.8328039477324,15
2024-09-16 14:55:47.984,416.826735109888,7
2024-09-16 14:55:48.130,416.8901607071582,1005
2024-09-16 14:55:48.175,416.8629537806797,995
2024-09-16 14:55:48.190,416.8750916596607,5
2024-09-16 14:55:48.229,416.8716946440085,1005
2024-09-16 14:55:48.232,416.8745945235797,97
2024-09-16 14:55:48.382,416.887108984377,15
2024-09-16 14:55:48.390,416.8568921130353,7
2024-09-16 14:55:48.416,416.8878757943229,998
2024-09-16 14:55:48.611,416.87522056104206,997
2024-09-16 14:55:48.635,-416.8684524360354,11
2024-09-16 14:55:48.663,416.8863125585258,1004
2024-09-16 14:55:48.667,416.89098842194977,9
2024-09-16 14:55:48.837,416.8554655417468,1005
2024-09-16 14:55:49.073,416.8968692355261,1005
2024-09-16 14:55:49.084,416.880397433112,101
2024-09-16 14:55:49.097,416.8543254552911,11
2024-09-16 14:55:49.253,416.8666671364161,13
2024-09-16 14:55:49.281,416.8506156382617,14
2024-09-16 14:55:49.309,416.8701174258977,11
2024-09-16 14:55:49.390,416.8653728307405,5
2024-09-16 14:55:49.550,416.8716409749729,105
2024-09-16 14:55:49.677,416.86719750822624,998
2024-09-16 14:55:49.711,416.8369192504298,1004
2024-09-16 14:55:49.793,416.8209593319274,9
2024-09-16 14:55:49.871,416.8437371844032,997
2024-09-16 14:55:49.878,416.8988174743814,6
2024-09-16 14:55:49.886,416.8699496707496,96
2024-09-16 14:55:49.916,416.8823608740608,96
2024-09-16 14:55:49.953,416.8745795146437,1003
2024-09-16 14:55:49.962,416.8855424451404,7
2024-09-16 14:55:49.976,416.8022821118542,96
2024-09-16 14:55:49.997,,1005
2024-09-16 14:55:49.999,416.895409138149,996
2024-09-16 14:55:50.016,416.7938158333177,7
2024-09-16 14:55:50.025,416.785607246902,14
2024-09-16 14:55:50.064,416.78198163921166,105
2024-09-16 14:55:50.169,416.7781739262711,105
2024-09-16 14:55:50.284,416.8016156623076,10
2024-09-16 14:55:50.378,416.7753002427677,103
2024-09-16 14:55:50.572,416.78257367535934,98
2024-09-16 14:55:50.638,416.8235135634171,998
2024-09-16 14:55:50.661,416.7942990949389,97
2024-09-16 14:55:50.688,416.7735269300764,96
2024-09-16 14:55:50.702,416.8164470150912,13
2024-09-16 14:55:50.767,-416.7918097928381,101
2024-09-16 14:55:50.840,416.7821558622166,13
2024-09-16 14:55:51.018,416.8412018787548,995
2024-09-16 14:55:51.622,416.8245761377447,12
2024-09-16 14:55:51.718,416.82180629316514,998
2024-09-16 14:55:51.984,416.8347346498509,13
2024-09-16 14:55:52.255,416.76427518440426,13
2024-09-16 14:55:52.257,416.78290117245166,8
2024-09-16 14:55:52.340,416.81148275176366,8
2024-09-16 14:55:52.351,416.77755362236593,102
2024-09-16 14:55:52.365,416.79707056511626,1004
2024-09-16 14:55:52.627,416.81081596303545,105
2024-09-16 14:55:52.628,416.8417384089771,101
2024-09-16 14:55:52.648,416.8007211659976,7
2024-09-16 14:55:52.693,-416.8222244412853,998
2024-09-16 14:55:52.725,416.7634624312466,998
2024-09-16 14:55:52.830,416.8284042759316,101
2024-09-16 14:55:52.913,416.77069520021433,1001
2024-09-16 14:55:53.005,416.7729156161596,6
2024-09-16 14:55:53.082,416.7312084011908,15
2024-09-16 14:55:53.237,416.74412646386617,996
2024-09-16 14:55:53.268,416.7939247794074,12
2024-09-16 14:55:53.288,416.7020862814959,8
2024-09-16 14:55:53.412,416.7156317538384,96
2024-09-16 14:55:53.413,416.73941698461385,1004
2024-09-16 14:55:53.456,416.7313221709328,101
2024-09-16 14:55:53.674,416.7987800368063,999
2024-09-16 14:55:53.706,416.7836733482304,101
2024-09-16 14:55:53.721,416.7266952263639,5
2024-09-16 14:55:53.770,416.8249974957031,8
2024-09-16 14:55:53.772,416.7363215871823,100
2024-09-16 14:55:53.842,416.8024314022248,103
2024-09-16 14:55:53.891,416.72798511688296,997
2024-09-16 14:55:53.977,416.7280704031482,996
2024-09-16 14:55:54.047,416.7403097252346,998
2024-09-16 14:55:54.105,416.7589807977653,15
2024-09-16 14:55:54.194,416.737600211731,102
2024-09-16 14:55:54.209,416.7439166758717,7
2024-09-16 14:55:54.408,416.7507255537692,12
2024-09-16 14:55:54.439,416.753901368146,8
2024-09-16 14:55:54.463,416.7460551400706,103
2024-09-16 14:55:54.464,416.7475457292007,102
2024-09-16 14:55:54.508,416.7493028065952,1002
2024-09-16 14:55:54.564,416.7450222182052,999
2024-09-16 14:55:54.640,416.7402667420224,997
2024-09-16 14:55:54.694,416.7560002219615,1000
2024-09-16 14:55:54.702,416.72963184643817,995
2024-09-16 14:55:54.840,416.7253099493156,13
2024-09-16 14:55:54.892,416.75411839214206,10
2024-09-16 14:55:54.895,416.7606284417923,995
2024-09-16 14:55:54.978,416.7520162632256,7
2024-09-16 14:55:55.013,416.7868197797769,103
2024-09-16 14:55:55.029,416.7928247614453,998
2024-09-16 14:55:55.033,416.7904080615244,996
2024-09-16 14:55:55.035,416.7694508602473,102
2024-09-16 14:55:55.040,416.78766820638,995
2024-09-16 14:55:55.074,416.7972850724267,11
2024-09-16 14:55:55.177,416.7986401233632,11
2024-09-16 14:55:55.239,416.7935212470561,998
2024-09-16 14:55:55.269,416.7849155273377,103
2024-09-16 14:55:55.363,416.7958874011072,1000
2024-09-16 14:55:55.393,416.7996095076597,996
2024-09-16 14:55:55.397,416.8041752558432,999
2024-09-16 14:55:55.626,416.79691731626167,5
2024-09-16 14:55:55.648,416.78757333606336,997
2024-09-16 14:55:55.800,416.8049848325575,999
2024-09-16 14:55:55.896,416.8006696004136,995
2024-09-16 14:55:55.909,416.79031556317017,999
2024-09-16 14:55:55.984,416.7876018170505,996
2024-09-16 14:55:56.002,416.8376131009307,98
2024-09-16 14:55:56.016,,999
2024-09-16 14:55:56.017,416.8139246556505,102
2024-09-16 14:55:56.047,416.7836925561122,10
2024-09-16 14:55:56.143,416.8045284974766,99
2024-09-16 14:55:56.182,416.8605340500689,102
2024-09-16 14:55:56.262,416.8192973478973,997
2024-09-16 14:55:56.267,416.7937643033899,99
2024-09-16 14:55:56.306,416.83477897171787,1002
2024-09-16 14:55:56.322,416.8502756165907,6
2024-09-16 14:55:56.474,416.8328409811073,14
2024-09-16 14:55:56.522,416.8643921437222,997
2024-09-16 14:55:56.525,416.8545024754385,98
2024-09-16 14:55:56.583,416.8035851950957,13
2024-09-16 14:55:56.587,416.8291819402924,95
2024-09-16 14:55:56.712,416.8155994402137,5
2024-09-16 14:55:56.986,416.8524798310026,95
2024-09-16 14:55:57.010,416.785221087296,98
2024-09-16 14:55:57.042,416.79591580335193,995
2024-09-16 14:55:57.061,416.7922713126351,15
2024-09-16 14:55:57.075,-416.7757317139132,98
2024-09-16 14:55:57.172,416.80028430119984,14
2024-09-16 14:55:57.173,416.8073680858543,105
2024-09-16 14:55:57.198,416.7685305003502,8
2024-09-16 14:55:57.230,416.7695243895407,100
2024-09-16 14:55:57.351,416.7752271201866,1001
2024-09-16 14:55:57.395,416.7769707319718,15
2024-09-16 14:55:57.407,416.7632873409006,1004
2024-09-16 14:55:57.446,416.8026654509214,1005
2024-09-16 14:55:57.535,416.75452948993234,103
2024-09-16 14:55:57.571,416.7368660677458,1005
2024-09-16 14:55:57.590,416.7706204729536,12
2024-09-16 14:55:57.604,41.67730108507208,95
2024-09-16 14:55:57.652,416.8172739001382,995
2024-09-16 14:55:57.677,416.7602797467735,97
2024-09-16 14:55:57.686,416.8047193856767,1004
2024-09-16 14:55:57.699,416.7642662051288,996
2024-09-16 14:55:57.704,416.7724927155271,12
2024-09-16 14:55:57.760,416.74705338359945,997
2024-09-16 14:55:57.766,416.8199330074709,13
2024-09-16 14:55:57.768,416.8098530438576,12
2024-09-16 14:55:57.806,416.776610907647,97
2024-09-16 14:55:57.909,416.8098669648672,997
2024-09-16 14:55:57.925,416.7526766002212,100
2024-09-16 14:55:57.945,416.80658112978193,100
2024-09-16 14:55:57.985,416.7998350951482,996
2024-09-16 14:55:58.026,416.77907889845216,15
2024-09-16 14:55:58.056,416.8244513215957,97
2024-09-16 14:55:58.083,416.795858873698,996
2024-09-16 14:55:58.120,416.82126445798417,98
2024-09-16 14:55:58.133,416.7959807910979,14
2024-09-16 14:55:58.209,416.7885939247796,9
2024-09-16 14:55:58.263,416.8319073099221,1001
2024-09-16 14:55:58.272,416.7866784166055,6
2024-09-16 14:55:58.557,416.788638000441,95
2024-09-16 14:55:58.600,416.80937474717314,11
2024-09-16 14:55:58.637,416.8052544257501,1001
2024-09-16 14:55:58.710,416.7872184355069,102
2024-09-16 14:55:58.724,416.7660982031316,1004
2024-09-16 14:55:58.851,416.8079813404965,1003
2024-09-16 14:55:58.898,416.8338008165791,7
2024-09-16 14:55:58.924,416.8208128919096,101
2024-09-16 14:55:59.015,416.8501073019815,13
2024-09-16 14:55:59.044,416.7807981881425,99
2024-09-16 14:55:59.045,416.776916468323,1000
2024-09-16 14:55:59.069,416.8376530936367,14
2024-09-16 14:55:59.183,416.8183325205324,9
2024-09-16 14:55:59.516,416.81556747506113,14
2024-09-16 14:55:59.568,416.8443243915977,996
2024-09-16 14:55:59.622,416.7966960956747,1002
2024-09-16 14:55:59.625,416.7697544246357,12
2024-09-16 14:55:59.659,416.7425557952777,99
2024-09-16 14:55:59.674,416.8025345969756,11
2024-09-16 14:55:59.724,416.7476035569538,98
2024-09-16 14:55:59.763,416.7545006009862,1000
2024-09-16 14:55:59.887,416.7734012376732,11
2024-09-16 14:55:59.962,416.7868369912389,999
