Timestamp,Price,Size
2024-09-16 11:17:00.264,417.1521649614127,13
2024-09-16 11:17:01.037,417.06081010396576,6
2024-09-16 11:17:01.061,417.0821408710144,5
2024-09-16 11:17:01.069,417.1279934563224,998
2024-09-16 11:17:01.131,417.099889706979,1001
2024-09-16 11:17:01.172,417.0894714944985,997
2024-09-16 11:17:01.258,417.0517186256256,103
2024-09-16 11:17:01.281,417.07912116436967,9
2024-09-16 11:17:01.318,417.1167376774914,12
2024-09-16 11:17:01.322,417.0462854957327,1005
2024-09-16 11:17:01.329,417.093688336172,103
2024-09-16 11:17:01.354,417.1329119047295,8
2024-09-16 11:17:01.363,417.1053057029352,103
2024-09-16 11:17:01.413,417.092014930157,15
2024-09-16 11:17:01.414,417.1043544183949,1001
2024-09-16 11:17:01.439,417.0523091764624,1001
2024-09-16 11:17:01.482,417.10479428843007,13
2024-09-16 11:17:01.537,417.1073734799344,1003
2024-09-16 11:17:01.559,417.06431487019313,15
2024-09-16 11:17:01.572,417.1152305776168,999
2024-09-16 11:17:01.573,417.0427829541401,13
2024-09-16 11:17:01.582,417.1034795984713,1001
2024-09-16 11:17:01.584,417.1134254949643,103
2024-09-16 11:17:01.724,417.0623302913507,99
2024-09-16 11:17:01.758,417.1021669267538,8
2024-09-16 11:17:01.783,417.0478189458292,100
2024-09-16 11:17:01.837,417.1068352668466,6
2024-09-16 11:17:01.864,417.0609473126905,995
2024-09-16 11:17:01.866,417.0606518285699,10
2024-09-16 11:17:01.903,417.10175065112367,102
2024-09-16 11:17:02.066,417.1428498782312,1003
2024-09-16 11:17:02.228,417.1038354979992,101
2024-09-16 11:17:02.267,417.0819701145474,9
2024-09-16 11:17:02.270,417.11258264761005,998
2024-09-16 11:17:02.380,417.1101499326283,996
2024-09-16 11:17:02.396,417.109921546329,10
2024-09-16 11:17:02.396,417.1181792257997,996
2024-09-16 11:17:02.407,,997
2024-09-16 11:17:02.470,417.0659542391353,998
2024-09-16 11:17:02.497,417.0998655255331,10
2024-09-16 11:17:02.516,417.1512115281699,105
2024-09-16 11:17:02.689,417.1519024625231,98
2024-09-16 11:17:02.786,417.1305710339585,996
2024-09-16 11:17:02.855,417.100288390044,995
2024-09-16 11:17:02.902,417.1032918544167,10
2024-09-16 11:17:02.950,417.097434692472,997
2024-09-16 11:17:03.073,417.1583147190485,10
2024-09-16 11:17:03.175,417.1602150620592,1000
2024-09-16 11:17:03.176,417.1334643375641,10
2024-09-16 11:17:03.375,417.1490155986641,1005
2024-09-16 11:17:03.746,417.1583152389298,98
2024-09-16 11:17:03.883,417.1574088772518,97
2024-09-16 11:17:03.959,417.1593813905915,101
2024-09-16 11:17:03.996,417.1441364326818,1005
2024-09-16 11:17:04.044,417.2037892145201,97
2024-09-16 11:17:04.071,417.16637693923263,997
2024-09-16 11:17:04.211,417.1337275999196,9
2024-09-16 11:17:04.264,417.2211272477458,102
2024-09-16 11:17:04.289,417.1345272246732,97
2024-09-16 11:17:04.318,417.1243982934939,14
2024-09-16 11:17:04.334,417.14538690256376,1000
2024-09-16 11:17:04.353,417.10313833945935,997
2024-09-16 11:17:04.362,417.2696010039916,1000
2024-09-16 11:17:04.363,417.1115325431978,97
2024-09-16 11:17:04.423,417.2171383461284,998
2024-09-16 11:17:04.457,417.1349809403925,105
2024-09-16 11:17:04.575,417.2161377894036,13
2024-09-16 11:17:04.596,417.188299454094,96
2024-09-16 11:17:04.623,417.08444244703344,1005
2024-09-16 11:17:04.681,417.1677107580742,14
2024-09-16 11:17:04.710,417.2305532803308,1000
2024-09-16 11:17:04.719,417.1353779490819,13
2024-09-16 11:17:04.732,417.2635046258053,102
2024-09-16 11:17:04.758,417.2601618928644,1001
2024-09-16 11:17:04.772,417.1293301871869,8
2024-09-16 11:17:04.774,417.1011730480832,13
2024-09-16 11:17:04.827,417.25910018186494,1005
2024-09-16 11:17:04.875,417.1666106366936,998
2024-09-16 11:17:04.882,417.216254637704,996
2024-09-16 11:17:04.895,417.2337065005827,995
2024-09-16 11:17:04.952,417.1445058779452,12
2024-09-16 11:17:05.118,417.2894283151136,996
2024-09-16 11:17:05.135,417.2502696750876,5
2024-09-16 11:17:05.155,417.2944616800536,104
2024-09-16 11:17:05.193,417.2372989514664,9
2024-09-16 11:17:05.207,417.2431379118633,101
2024-09-16 11:17:05.208,417.28012121952736,97
2024-09-16 11:17:05.247,417.2973492441839,999
2024-09-16 11:17:05.277,417.3019151023741,1003
2024-09-16 11:17:05.318,417.29561795752267,10
2024-09-16 11:17:05.326,417.20874341542407,103
2024-09-16 11:17:05.326,417.2928216942879,9
2024-09-16 11:17:05.353,417.2210508754086,7
2024-09-16 11:17:05.409,417.2211734960426,15
2024-09-16 11:17:05.484,417.25818898253385,995
2024-09-16 11:17:05.528,417.2690856880384,7
2024-09-16 11:17:05.533,417.2197887494544,1004
2024-09-16 11:17:05.550,417.28722372681847,95
2024-09-16 11:17:05.550,417.1949235073041,15
2024-09-16 11:17:05.565,417.2011130248516,995
2024-09-16 11:17:05.572,417.2755396499856,1001
2024-09-16 11:17:05.577,417.2742869576584,95
2024-09-16 11:17:05.645,417.2684755070679,9
2024-09-16 11:17:05.659,417.2672331872271,11
2024-09-16 11:17:05.680,417.21424330860987,5
2024-09-16 11:17:05.688,417.1971361103418,100
2024-09-16 11:17:05.761,417.27631557985205,103
2024-09-16 11:17:05.810,417.2101500971937,11
2024-09-16 11:17:05.902,417.2327651331332,104
2024-09-16 11:17:05.907,417.19435116906885,1002
2024-09-16 11:17:05.940,417.2779799303467,7
2024-09-16 11:17:06.018,417.2621619778191,101
2024-09-16 11:17:06.077,417.30176610854,96
2024-09-16 11:17:06.152,417.2845502313178,11
2024-09-16 11:17:06.164,417.2988730140826,995
2024-09-16 11:17:06.174,417.26041439858784,997
2024-09-16 11:17:06.228,417.2758056519227,997
2024-09-16 11:17:06.290,417.2988557937179,5
2024-09-16 11:17:06.342,417.2960638392551,9
2024-09-16 11:17:06.386,417.2788920623372,97
2024-09-16 11:17:06.409,417.29194735311177,103
2024-09-16 11:17:06.438,417.2680585322941,1002
2024-09-16 11:17:06.441,,99
2024-09-16 11:17:06.482,417.21592106540623,6
2024-09-16 11:17:06.492,417.26963084502273,5
2024-09-16 11:17:06.506,41.72695421536822,100
2024-09-16 11:17:06.589,417.2946153411151,102
2024-09-16 11:17:06.595,417.2580248133325,1002
2024-09-16 11:17:06.656,417.3031873640862,14
2024-09-16 11:17:06.691,417.2438981736945,997
2024-09-16 11:17:06.747,417.319756600532,998
2024-09-16 11:17:06.769,417.2314556355765,5
2024-09-16 11:17:06.820,417.25091613734446,11
2024-09-16 11:17:06.908,417.304525118471,15
2024-09-16 11:17:06.918,417.2744657113709,998
2024-09-16 11:17:06.946,417.27063548984034,11
2024-09-16 11:17:06.974,417.2835708402786,10
2024-09-16 11:17:06.988,417.2586860953919,98
2024-09-16 11:17:07.249,417.2925933069604,10
2024-09-16 11:17:08.046,417.2871168820886,997
2024-09-16 11:17:08.056,417.27518877822746,15
2024-09-16 11:17:08.067,417.3218031171289,96
2024-09-16 11:17:08.149,417.3098305449609,10
2024-09-16 11:17:08.154,417.294672516053,997
2024-09-16 11:17:08.210,417.2498890296207,99
2024-09-16 11:17:08.269,417.2475237832034,995
2024-09-16 11:17:08.300,417.27896993198544,995
2024-09-16 11:17:08.301,417.3118636245823,96
2024-09-16 11:17:08.359,417.28473420321006,96
2024-09-16 11:17:08.425,417.31368576250185,997
2024-09-16 11:17:08.517,417.2868248372055,998
2024-09-16 11:17:08.563,417.258043285299,1002
2024-09-16 11:17:08.569,417.260949313939,104
2024-09-16 11:17:08.596,417.2974014112114,10
2024-09-16 11:17:08.623,417.2815191147928,12
2024-09-16 11:17:08.687,417.2468493548153,95
2024-09-16 11:17:08.705,417.2722401084893,1001
2024-09-16 11:17:08.727,417.3006273762249,99
2024-09-16 11:17:08.750,417.3102010350746,9
2024-09-16 11:17:08.818,417.2837514289652,98
2024-09-16 11:17:08.825,417.3407978805649,1001
2024-09-16 11:17:08.830,417.3378993629124,101
2024-09-16 11:17:08.851,417.2493623479967,1002
2024-09-16 11:17:08.905,417.2400180120278,1002
2024-09-16 11:17:08.922,417.222233593647,101
2024-09-16 11:17:08.961,417.3140945128413,1002
2024-09-16 11:17:08.963,417.2046979185358,105
2024-09-16 11:17:09.032,417.3132697901735,14
2024-09-16 11:17:09.057,417.29012755121335,9
2024-09-16 11:17:09.068,417.2694233763262,104
2024-09-16 11:17:09.072,417.3186571996701,1005
2024-09-16 11:17:09.090,417.3054427222516,13
2024-09-16 11:17:09.109,417.30706917689145,14
2024-09-16 11:17:09.169,417.3186666459373,13
2024-09-16 11:17:09.182,417.2734167702493,1005
2024-09-16 11:17:09.250,417.3352333628707,995
2024-09-16 11:17:09.339,417.3093072016297,10
2024-09-16 11:17:09.396,41.72782388747759,5
2024-09-16 11:17:09.421,417.29384903375546,995
2024-09-16 11:17:09.432,417.3163389164297,998
2024-09-16 11:17:09.467,417.3150850926816,1000
2024-09-16 11:17:09.608,417.286505433243,14
2024-09-16 11:17:09.609,417.3018417692612,11
2024-09-16 11:17:09.615,417.2868605845514,1005
2024-09-16 11:17:09.640,417.3049119675498,101
2024-09-16 11:17:09.716,417.2865233061159,995
2024-09-16 11:17:09.813,417.3237803401158,7
2024-09-16 11:17:09.817,417.32391526373823,97
2024-09-16 11:17:09.821,417.2871502666655,997
2024-09-16 11:17:09.845,417.2929471978893,96
2024-09-16 11:17:10.067,417.3048353419015,1002
2024-09-16 11:17:10.200,417.3015351332005,14
2024-09-16 11:17:10.473,41.7299962833596,97
2024-09-16 11:17:10.572,-417.3254650092568,999
2024-09-16 11:17:10.574,417.30147519558193,1004
2024-09-16 11:17:10.641,417.3152451953797,99
2024-09-16 11:17:10.663,417.327936803544,1002
2024-09-16 11:17:10.773,417.3139378409932,105
2024-09-16 11:17:10.806,41.73084964059388,995
2024-09-16 11:17:10.819,417.2995275134235,999
2024-09-16 11:17:10.831,417.3295989053872,95
2024-09-16 11:17:10.832,417.35572148170456,95
2024-09-16 11:17:10.900,417.32505586933024,102
2024-09-16 11:17:10.999,417.31390611962365,99
2024-09-16 11:17:11.147,417.3817425816783,102
2024-09-16 11:17:11.177,417.4183206554356,95
2024-09-16 11:17:11.198,417.3927455837604,11
2024-09-16 11:17:11.229,417.3952002106985,102
2024-09-16 11:17:11.328,417.4067600266314,1004
2024-09-16 11:17:11.330,417.3461978574316,1000
2024-09-16 11:17:11.441,417.3830487763135,105
2024-09-16 11:17:11.546,417.375699552981,95
2024-09-16 11:17:11.561,417.3518050342225,11
2024-09-16 11:17:11.601,417.3916535271433,14
2024-09-16 11:17:11.643,417.375777337758,995
2024-09-16 11:17:11.754,417.3507403190913,6
2024-09-16 11:17:11.768,-417.3884987450728,10
2024-09-16 11:17:11.950,417.3702206885253,1000
2024-09-16 11:17:11.980,417.4403887703009,15
2024-09-16 11:17:12.012,417.3502574265029,11
2024-09-16 11:17:12.114,417.3549014754435,999
2024-09-16 11:17:12.123,417.3647343698607,6
2024-09-16 11:17:12.137,417.3758561377131,1002
2024-09-16 11:17:12.155,417.3553893050115,12
2024-09-16 11:17:12.244,417.4618085808239,6
2024-09-16 11:17:12.269,417.44290561932473,1004
2024-09-16 11:17:12.362,417.4540887737502,9
2024-09-16 11:17:12.369,41.7437628574973,15
2024-09-16 11:17:12.385,41.736777805363175,105
2024-09-16 11:17:12.404,417.450729724382,99
2024-09-16 11:17:12.504,417.3984360138329,96
2024-09-16 11:17:12.525,417.3997278684096,996
2024-09-16 11:17:12.529,417.4290155386428,96
2024-09-16 11:17:12.543,417.3468558161952,1005
2024-09-16 11:17:12.637,417.3930705280988,998
2024-09-16 11:17:12.652,417.45530141593247,1001
2024-09-16 11:17:12.736,417.3879196271221,7
2024-09-16 11:17:12.772,417.37481306054747,14
2024-09-16 11:17:12.838,417.3756493262593,997
2024-09-16 11:17:12.850,417.4674197836857,15
2024-09-16 11:17:12.961,417.4011526334539,105
2024-09-16 11:17:12.966,417.3843860559471,10
2024-09-16 11:17:12.980,417.3993285909653,101
2024-09-16 11:17:13.290,417.5052589743555,996
2024-09-16 11:17:13.797,417.4988222514364,11
2024-09-16 11:17:13.882,417.45736181625705,996
2024-09-16 11:17:14.095,417.4952294452449,104
2024-09-16 11:17:14.235,417.48489284356606,103
2024-09-16 11:17:14.562,417.491682579886,1004
2024-09-16 11:17:14.825,417.4892759378934,997
2024-09-16 11:17:14.838,417.5043287056037,12
2024-09-16 11:17:14.950,417.4731587302899,11
2024-09-16 11:17:14.977,417.5068307478576,104
2024-09-16 11:17:15.037,417.517603299578,102
2024-09-16 11:17:15.386,417.5473226650863,8
2024-09-16 11:17:15.685,417.5349665272468,1004
2024-09-16 11:17:15.751,417.53329203999016,998
2024-09-16 11:17:15.779,417.5147479829493,104
2024-09-16 11:17:15.840,417.5214594535191,997
2024-09-16 11:17:15.969,417.4946115656306,104
2024-09-16 11:17:16.108,417.5360422138705,1000
2024-09-16 11:17:16.317,417.510490290425,998
2024-09-16 11:17:16.340,417.49853099969977,100
2024-09-16 11:17:16.389,417.545860670753,98
2024-09-16 11:17:16.409,417.51622401748216,9
2024-09-16 11:17:16.440,417.5167854823945,103
2024-09-16 11:17:16.465,417.51708684199946,5
2024-09-16 11:17:16.494,417.51188727311927,105
2024-09-16 11:17:16.529,417.52948703134433,15
2024-09-16 11:17:16.568,417.5256807119044,1005
2024-09-16 11:17:16.571,417.5548161283726,1000
2024-09-16 11:17:16.574,417.5285691209421,1003
2024-09-16 11:17:16.685,417.5182725707767,98
2024-09-16 11:17:16.698,417.5592905155514,999
2024-09-16 11:17:16.742,417.5294073098419,14
2024-09-16 11:17:16.758,417.5343487785972,1003
2024-09-16 11:17:16.785,417.5167232783634,12
2024-09-16 11:17:16.811,417.5157641977874,11
2024-09-16 11:17:16.813,417.5424560482524,105
2024-09-16 11:17:16.815,417.5235432439956,9
2024-09-16 11:17:16.874,417.52380042330026,14
2024-09-16 11:17:16.889,417.49432317702974,999
2024-09-16 11:17:16.910,417.5105043462708,97
2024-09-16 11:17:16.954,417.535089686482,1003
2024-09-16 11:17:16.966,417.51654079198295,6
2024-09-16 11:17:17.022,417.541298595925,14
2024-09-16 11:17:17.023,417.6118649316703,104
2024-09-16 11:17:17.043,417.56582127654855,97
2024-09-16 11:17:17.054,417.55166449458056,998
2024-09-16 11:17:17.117,417.6081198228953,9
2024-09-16 11:17:17.127,417.6261805461205,105
2024-09-16 11:17:17.143,417.6216459318178,6
2024-09-16 11:17:17.345,417.6162090669372,997
2024-09-16 11:17:17.387,417.5784993265291,997
2024-09-16 11:17:17.418,417.5560115163663,98
2024-09-16 11:17:17.473,417.5755056411186,997
2024-09-16 11:17:17.567,417.6348901123065,998
2024-09-16 11:17:17.593,417.5421121799992,999
2024-09-16 11:17:17.638,417.5788181933732,97
2024-09-16 11:17:17.671,417.5296994027243,104
2024-09-16 11:17:17.674,417.5874995787432,103
2024-09-16 11:17:17.745,417.5764468908189,99
2024-09-16 11:17:17.751,417.5976987902746,5
2024-09-16 11:17:17.767,417.63466379539386,99
2024-09-16 11:17:17.797,417.6275589906544,103
2024-09-16 11:17:17.818,417.60860093373947,104
2024-09-16 11:17:17.886,417.6209550009139,995
2024-09-16 11:17:17.897,417.5998896880725,99
2024-09-16 11:17:17.917,417.5949600783359,998
2024-09-16 11:17:17.957,417.6074174055669,10
2024-09-16 11:17:18.146,417.62261821638594,1003
2024-09-16 11:17:18.273,417.6121800339288,95
2024-09-16 11:17:18.548,417.6172382465182,1001
2024-09-16 11:17:18.577,417.6109307225522,9
2024-09-16 11:17:19.108,417.6767932636117,101
2024-09-16 11:17:19.176,417.6624501997544,996
2024-09-16 11:17:19.264,417.6357097621839,12
2024-09-16 11:17:19.295,417.66181215389554,1001
2024-09-16 11:17:19.329,417.6554493003888,99
2024-09-16 11:17:19.349,417.6411823679087,999
2024-09-16 11:17:19.357,417.6365996890663,105
2024-09-16 11:17:19.463,417.6513164662545,11
2024-09-16 11:17:19.469,417.657110323908,97
2024-09-16 11:17:19.507,417.6639040464813,14
2024-09-16 11:17:19.580,417.6687618271109,1001
2024-09-16 11:17:19.790,417.64939550956257,101
2024-09-16 11:17:19.849,417.6869779223904,105
2024-09-16 11:17:19.861,417.6207731480776,1000
2024-09-16 11:17:19.926,417.6788715472112,97
2024-09-16 11:17:20.024,417.63999333610127,10
2024-09-16 11:17:20.026,417.6379184367028,6
2024-09-16 11:17:20.059,417.6281244745124,102
2024-09-16 11:17:20.071,417.6260292860911,14
2024-09-16 11:17:20.356,417.6497464939641,104
2024-09-16 11:17:20.413,417.6328770288347,7
2024-09-16 11:17:20.585,417.6128236059407,8
2024-09-16 11:17:20.603,417.64781186912137,15
2024-09-16 11:17:20.622,417.6073209248554,103
2024-09-16 11:17:20.635,417.62821492925474,12
2024-09-16 11:17:20.905,417.6425223919554,997
2024-09-16 11:17:20.970,417.6352951326868,1001
2024-09-16 11:17:21.013,417.5273331872286,1004
2024-09-16 11:17:21.016,417.6061871973918,997
2024-09-16 11:17:21.026,417.6073842178648,102
2024-09-16 11:17:21.031,417.5094194551784,105
2024-09-16 11:17:21.114,417.4954539776082,1001
2024-09-16 11:17:21.197,417.54780058045264,1002
2024-09-16 11:17:21.216,417.5275137017535,13
2024-09-16 11:17:21.229,417.6321095914561,101
2024-09-16 11:17:21.254,417.5205895993255,9
2024-09-16 11:17:21.272,417.5432839515088,1004
2024-09-16 11:17:21.272,417.5471069420681,102
2024-09-16 11:17:21.329,417.55390214862905,12
2024-09-16 11:17:21.369,417.5558316876181,6
2024-09-16 11:17:21.512,417.54181617734287,5
2024-09-16 11:17:21.534,417.5785625368749,14
2024-09-16 11:17:21.573,417.5237772527853,98
2024-09-16 11:17:21.604,417.60364876797314,1001
2024-09-16 11:17:21.609,417.617762489125,995
2024-09-16 11:17:21.625,417.5770633826149,1002
2024-09-16 11:17:21.719,417.5429289857064,100
2024-09-16 11:17:21.730,417.5849087181536,105
2024-09-16 11:17:21.756,417.5937767545256,96
2024-09-16 11:17:21.762,417.5108843699549,6
2024-09-16 11:17:21.771,417.522163884715,1002
2024-09-16 11:17:21.800,417.5212758748981,104
2024-09-16 11:17:21.816,417.5352872927411,1005
2024-09-16 11:17:21.856,417.5568470923328,997
2024-09-16 11:17:21.991,417.51929569929626,998
2024-09-16 11:17:21.997,417.55502746103815,102
2024-09-16 11:17:22.008,417.5384666332778,10
2024-09-16 11:17:22.397,417.5188707873512,996
2024-09-16 11:17:22.522,417.5086246356057,95
2024-09-16 11:17:22.583,417.5198589231916,15
2024-09-16 11:17:22.667,417.5220910302907,98
2024-09-16 11:17:22.901,417.5178990704462,996
2024-09-16 11:17:23.020,417.5607249032382,6
2024-09-16 11:17:23.063,417.5451747454551,8
2024-09-16 11:17:23.073,417.5750122123623,995
2024-09-16 11:17:23.105,417.5179646138165,105
2024-09-16 11:17:23.157,417.5138776236524,104
2024-09-16 11:17:23.161,417.52965606977625,10
2024-09-16 11:17:23.182,417.52131697336125,101
2024-09-16 11:17:23.190,417.55942794714497,998
2024-09-16 11:17:23.202,-417.51330578981504,995
2024-09-16 11:17:23.226,417.5600467700768,997
2024-09-16 11:17:23.265,41.755544103418686,102
2024-09-16 11:17:23.315,417.5161863873798,1000
2024-09-16 11:17:23.342,417.5183625328354,101
2024-09-16 11:17:23.349,417.57666397739206,15
2024-09-16 11:17:23.390,417.5611925199457,11
2024-09-16 11:17:23.427,417.5292347479986,996
2024-09-16 11:17:23.463,417.5627247377089,9
2024-09-16 11:17:23.467,417.5727531490076,100
2024-09-16 11:17:23.491,417.5638534637442,10
2024-09-16 11:17:23.579,417.51294118979325,99
2024-09-16 11:17:23.829,417.549837996122,100
2024-09-16 11:17:23.933,417.54743856547145,7
2024-09-16 11:17:23.948,417.54228613691294,102
2024-09-16 11:17:23.965,417.542350787878,97
2024-09-16 11:17:24.051,417.4482271911074,11
2024-09-16 11:17:24.056,417.3955765884878,9
2024-09-16 11:17:24.153,417.4013547342774,1002
2024-09-16 11:17:24.160,417.50956344103895,12
2024-09-16 11:17:24.258,417.4561913027776,9
2024-09-16 11:17:24.385,417.4487260693168,8
2024-09-16 11:17:24.397,417.4869720650736,999
2024-09-16 11:17:24.491,417.4336587520378,998
2024-09-16 11:17:24.500,417.4020969400044,6
2024-09-16 11:17:24.519,417.40849286970223,996
2024-09-16 11:17:24.522,417.4135523176296,1003
2024-09-16 11:17:24.546,417.41659314163786,10
2024-09-16 11:17:24.657,417.4253696406506,8
2024-09-16 11:17:24.710,417.43044604941775,995
2024-09-16 11:17:24.753,417.40191293595774,97
2024-09-16 11:17:24.800,417.5136937223233,998
2024-09-16 11:17:24.804,417.4331916331674,999
2024-09-16 11:17:24.811,417.4173941875354,10
2024-09-16 11:17:24.963,417.3920684231765,7
2024-09-16 11:17:25.004,417.3892500132393,95
2024-09-16 11:17:25.076,417.3661542495613,8
2024-09-16 11:17:25.141,417.3603593201932,95
2024-09-16 11:17:25.209,417.3646891945556,102
2024-09-16 11:17:25.213,417.3725805153768,7
2024-09-16 11:17:25.309,417.3859387539328,1000
2024-09-16 11:17:25.324,417.4136216857672,1001
2024-09-16 11:17:25.365,417.42326552201257,103
2024-09-16 11:17:25.380,417.4178475480709,998
2024-09-16 11:17:25.460,417.4101229780463,5
2024-09-16 11:17:25.482,417.3794431590344,102
2024-09-16 11:17:25.497,417.4299068683976,99
2024-09-16 11:17:25.524,-417.3636077742108,12
2024-09-16 11:17:25.531,417.3946838476478,96
2024-09-16 11:17:25.621,417.368168354818,1000
2024-09-16 11:17:25.976,417.4118886507357,6
2024-09-16 11:17:26.756,417.37647512939486,1002
2024-09-16 11:17:26.984,417.3956802118792,98
2024-09-16 11:17:27.747,417.39736574263713,97
2024-09-16 11:17:27.782,417.39756861432807,1000
2024-09-16 11:17:27.886,417.417804160221,1005
2024-09-16 11:17:27.974,417.4146803016012,1001
2024-09-16 11:17:28.012,417.4105483023217,1003
2024-09-16 11:17:28.098,417.38890033517697,1005
2024-09-16 11:17:28.257,417.368882471489,995
2024-09-16 11:17:28.271,417.39589149271785,1004
2024-09-16 11:17:28.314,417.4081026433272,1004
2024-09-16 11:17:28.340,417.43429384762754,996
2024-09-16 11:17:28.433,417.3940320768818,996
2024-09-16 11:17:28.469,417.4479117595444,101
2024-09-16 11:17:28.526,417.4371061587441,6
2024-09-16 11:17:28.547,417.4339734513417,8
2024-09-16 11:17:28.560,417.3796563916271,95
2024-09-16 11:17:28.605,417.4120006104739,104
2024-09-16 11:17:28.623,417.39276175630806,98
2024-09-16 11:17:28.655,417.4028808802235,103
2024-09-16 11:17:28.699,417.38550628378187,11
2024-09-16 11:17:28.877,417.3869692141466,103
2024-09-16 11:17:28.903,,14
2024-09-16 11:17:28.912,417.4212726771744,995
2024-09-16 11:17:29.090,41.73498246737418,96
2024-09-16 11:17:29.132,417.3354267070714,101
2024-09-16 11:17:29.228,417.3273934140362,9
2024-09-16 11:17:29.237,417.3418062978703,104
2024-09-16 11:17:29.360,417.33633902433047,8
2024-09-16 11:17:29.435,417.3366266400949,998
2024-09-16 11:17:29.569,417.3264125822832,7
2024-09-16 11:17:29.580,417.3151564039021,15
2024-09-16 11:17:29.623,417.3461635825774,102
2024-09-16 11:17:29.731,417.3355501935532,105
2024-09-16 11:17:29.873,417.34478878448834,996
2024-09-16 11:17:30.017,417.3189787326118,6
2024-09-16 11:17:30.043,417.3251654846864,1002
2024-09-16 11:17:30.063,417.3286654890978,996
2024-09-16 11:17:30.084,417.3261780931308,13
2024-09-16 11:17:30.150,417.3262347536208,997
2024-09-16 11:17:30.173,417.3426018332506,1004
2024-09-16 11:17:30.194,417.33112466807614,95
2024-09-16 11:17:30.229,417.34538246529536,11
2024-09-16 11:17:30.251,417.3300592173394,997
2024-09-16 11:17:30.338,417.3018575324144,15
2024-09-16 11:17:30.344,417.3094149334124,12
2024-09-16 11:17:30.376,417.3437646492621,14
2024-09-16 11:17:30.382,417.3307888982241,999
2024-09-16 11:17:30.409,417.326823085158,999
2024-09-16 11:17:30.416,417.316922222776,998
2024-09-16 11:17:30.425,417.3172250202508,97
2024-09-16 11:17:30.454,417.322740319756,1001
2024-09-16 11:17:30.457,417.35519436146063,100
2024-09-16 11:17:30.502,417.3435132721796,1001
2024-09-16 11:17:30.591,417.3342933483174,104
2024-09-16 11:17:30.627,417.3347156720892,99
2024-09-16 11:17:30.709,417.3369759653483,101
2024-09-16 11:17:30.721,417.2974110689796,12
2024-09-16 11:17:30.755,417.33450201731233,15
2024-09-16 11:17:30.897,417.2981651516756,1003
2024-09-16 11:17:31.050,417.3321162563949,11
2024-09-16 11:17:31.079,417.37317121725386,11
2024-09-16 11:17:31.133,417.36600222969776,12
2024-09-16 11:17:31.158,417.4125567710322,1000
2024-09-16 11:17:31.172,417.3507353382852,5
2024-09-16 11:17:31.191,417.3791649661808,999
2024-09-16 11:17:31.193,417.3245185883317,1004
2024-09-16 11:17:31.229,417.3966025012299,1002
2024-09-16 11:17:31.244,417.3574127474578,1005
2024-09-16 11:17:31.266,417.3799625665412,8
2024-09-16 11:17:31.283,417.3766911179154,1000
2024-09-16 11:17:31.411,417.3967267203468,1000
2024-09-16 11:17:31.446,417.3510593602302,997
2024-09-16 11:17:31.468,417.33356308520297,8
2024-09-16 11:17:31.489,417.3736750678512,5
2024-09-16 11:17:31.495,417.3735904726532,9
2024-09-16 11:17:31.522,417.3685870894094,12
2024-09-16 11:17:31.611,417.37513646518113,5
2024-09-16 11:17:31.612,417.3293458742068,14
2024-09-16 11:17:31.659,417.4034708003499,102
2024-09-16 11:17:31.678,417.3590352258405,100
2024-09-16 11:17:31.678,41.73588417120612,105
2024-09-16 11:17:31.769,417.3736694906716,96
2024-09-16 11:17:31.864,417.4022641132106,105
2024-09-16 11:17:31.898,417.36813189300057,995
2024-09-16 11:17:31.939,417.4079473487758,995
2024-09-16 11:17:32.165,417.38411140206944,98
2024-09-16 11:17:32.226,417.3792514933787,1002
2024-09-16 11:17:32.286,417.3646591440985,97
2024-09-16 11:17:32.372,417.3785599281769,103
2024-09-16 11:17:32.574,417.3498347046743,95
2024-09-16 11:17:32.955,417.3468458460006,1001
2024-09-16 11:17:33.032,417.36942899185567,996
2024-09-16 11:17:33.091,417.387998055837,101
2024-09-16 11:17:33.168,417.3839394286269,97
2024-09-16 11:17:33.194,417.3814060230878,100
2024-09-16 11:17:33.249,417.41804957660605,1000
2024-09-16 11:17:33.257,417.3779544917715,10
2024-09-16 11:17:33.272,417.3862667816024,14
2024-09-16 11:17:33.297,417.37543781778254,1003
2024-09-16 11:17:33.322,,1003
2024-09-16 11:17:33.342,417.4072846926904,10
2024-09-16 11:17:33.436,417.3707057590527,8
2024-09-16 11:17:33.470,417.38932162118215,14
2024-09-16 11:17:33.496,417.379291341826,104
2024-09-16 11:17:33.534,417.35169620482407,6
2024-09-16 11:17:33.571,417.3824736228265,1002
2024-09-16 11:17:33.581,417.3927766532364,1005
2024-09-16 11:17:33.584,417.39036028033166,1002
2024-09-16 11:17:33.616,417.4241943546028,997
2024-09-16 11:17:33.644,417.37979490200127,1001
2024-09-16 11:17:33.648,417.3933856591406,999
2024-09-16 11:17:33.763,417.3761854050352,1003
2024-09-16 11:17:33.766,417.3858745165765,1005
2024-09-16 11:17:33.772,417.41296772903456,102
2024-09-16 11:17:33.795,417.4029357287071,105
2024-09-16 11:17:33.905,417.3557595024296,1000
2024-09-16 11:17:33.920,417.3718320897789,95
2024-09-16 11:17:34.002,417.3873115245414,98
2024-09-16 11:17:34.208,417.37630242666967,5
2024-09-16 11:17:34.328,417.37666352492687,14
2024-09-16 11:17:34.381,417.3809204289695,98
2024-09-16 11:17:34.396,417.3825304439935,102
2024-09-16 11:17:34.495,417.3886469494482,12
2024-09-16 11:17:34.712,417.391212394795,997
2024-09-16 11:17:34.901,417.3874368338485,996
2024-09-16 11:17:35.059,417.4836829972283,102
2024-09-16 11:17:35.128,417.4627993294122,6
2024-09-16 11:17:35.146,417.4749475713945,1002
2024-09-16 11:17:35.173,417.4420923107286,100
2024-09-16 11:17:35.216,417.46649219080473,11
2024-09-16 11:17:35.244,417.4581947190969,101
2024-09-16 11:17:35.266,417.44777233618646,97
2024-09-16 11:17:35.283,417.44076351353993,1002
2024-09-16 11:17:35.291,417.4231800703546,997
2024-09-16 11:17:35.335,417.4503287489353,1004
2024-09-16 11:17:35.346,-417.44725677037695,1000
2024-09-16 11:17:35.348,417.47461143605767,11
2024-09-16 11:17:35.380,417.4609739218722,100
2024-09-16 11:17:35.410,417.47244662627,105
2024-09-16 11:17:35.479,417.4862994478452,95
2024-09-16 11:17:35.539,417.4906766221355,998
2024-09-16 11:17:35.593,417.4605425073008,97
2024-09-16 11:17:35.599,417.4793158513007,996
2024-09-16 11:17:35.653,417.40380291155424,100
2024-09-16 11:17:35.679,417.4662635789815,997
2024-09-16 11:17:35.723,417.429524451896,1003
2024-09-16 11:17:35.760,417.4748709689726,98
2024-09-16 11:17:35.787,417.4712126106168,98
2024-09-16 11:17:35.793,417.482731564098,97
2024-09-16 11:17:35.834,417.4211387445063,102
2024-09-16 11:17:35.870,417.49041813473184,1002
2024-09-16 11:17:35.891,417.4727842702041,8
2024-09-16 11:17:35.895,417.4852374624018,999
2024-09-16 11:17:35.964,417.4678324316536,103
2024-09-16 11:17:35.983,417.4723037935623,12
2024-09-16 11:17:36.000,417.3834381699083,101
2024-09-16 11:17:36.042,417.4435772332992,15
2024-09-16 11:17:36.088,417.4321490746513,11
2024-09-16 11:17:36.091,417.4357073993946,8
2024-09-16 11:17:36.124,417.4041220354319,999
2024-09-16 11:17:36.151,417.3844079595522,96
2024-09-16 11:17:36.177,417.4106433150649,1004
2024-09-16 11:17:36.197,417.4531232557262,1001
2024-09-16 11:17:36.214,417.43001231974455,103
2024-09-16 11:17:36.294,417.4138112640816,100
2024-09-16 11:17:36.325,417.4465158519207,6
2024-09-16 11:17:36.428,417.4457240906461,95
2024-09-16 11:17:36.464,417.3693945055946,8
2024-09-16 11:17:36.507,417.4143243439329,1000
2024-09-16 11:17:36.519,417.3837747739724,999
2024-09-16 11:17:36.555,417.45601382987394,103
2024-09-16 11:17:36.559,417.43225792611065,102
2024-09-16 11:17:36.586,417.4373025441082,6
2024-09-16 11:17:36.601,417.44605271462586,1001
2024-09-16 11:17:36.654,417.39518047800806,1000
2024-09-16 11:17:36.743,417.4517667117207,95
2024-09-16 11:17:36.764,417.3807178573216,5
2024-09-16 11:17:36.828,417.4181843213775,995
2024-09-16 11:17:36.867,417.396205049258,102
2024-09-16 11:17:36.868,417.4170253706638,12
2024-09-16 11:17:36.883,417.37731538805787,11
2024-09-16 11:17:36.930,417.4347270647465,102
2024-09-16 11:17:37.009,417.4310406931812,14
2024-09-16 11:17:37.042,417.4287033820734,998
2024-09-16 11:17:37.216,417.4382605350838,996
2024-09-16 11:17:37.224,417.439932919037,1005
2024-09-16 11:17:37.628,417.4161748589686,996
2024-09-16 11:17:38.015,417.3445448055792,97
2024-09-16 11:17:38.128,417.4355670545714,95
2024-09-16 11:17:38.138,417.42260468572346,996
2024-09-16 11:17:38.273,417.348366036161,1000
2024-09-16 11:17:38.283,417.3675369018886,1003
2024-09-16 11:17:38.294,417.4237499784165,5
2024-09-16 11:17:38.314,417.375761935793,998
2024-09-16 11:17:38.323,417.3844852872126,11
2024-09-16 11:17:38.341,417.3625374956782,95
2024-09-16 11:17:38.358,417.3323177559296,14
2024-09-16 11:17:38.376,417.3196352843007,1005
2024-09-16 11:17:38.409,417.4300453761538,7
2024-09-16 11:17:38.470,417.3554065977678,996
2024-09-16 11:17:38.492,-417.302262188462,103
2024-09-16 11:17:38.506,417.34767904156695,10
2024-09-16 11:17:38.509,417.3477719065852,997
2024-09-16 11:17:38.572,417.38697606708337,1005
2024-09-16 11:17:38.585,417.35489029188216,98
2024-09-16 11:17:38.611,417.34067492716514,100
2024-09-16 11:17:38.632,417.3483378209537,9
2024-09-16 11:17:38.646,417.3438809156264,1001
2024-09-16 11:17:38.653,417.4179251841185,1002
2024-09-16 11:17:38.717,417.3776448472044,101
2024-09-16 11:17:38.761,417.3902874698222,98
2024-09-16 11:17:38.859,417.3684210545748,999
2024-09-16 11:17:38.871,417.373134849378,6
2024-09-16 11:17:38.954,417.3736190522575,102
2024-09-16 11:17:38.967,417.3583159197919,6
2024-09-16 11:17:39.048,417.3328303257717,995
2024-09-16 11:17:39.054,417.34799687146347,1002
2024-09-16 11:17:39.130,417.3251064697643,104
2024-09-16 11:17:39.144,417.3064062959175,999
2024-09-16 11:17:39.319,417.33306530961954,9
2024-09-16 11:17:39.334,417.3534430304611,95
2024-09-16 11:17:39.365,417.29437321580434,8
2024-09-16 11:17:39.397,417.3006591442246,8
2024-09-16 11:17:39.482,417.3360010227148,11
2024-09-16 11:17:39.515,417.3409638505044,100
2024-09-16 11:17:39.567,417.325251059033,104
2024-09-16 11:17:39.569,417.315497247971,95
2024-09-16 11:17:39.647,417.3141629847,105
2024-09-16 11:17:39.696,417.3466104041155,998
2024-09-16 11:17:39.713,417.3092781663715,98
2024-09-16 11:17:39.727,417.2800765853366,997
2024-09-16 11:17:39.743,417.3457107973181,1002
2024-09-16 11:17:39.753,417.3103488418606,998
2024-09-16 11:17:39.754,417.3285873966017,999
2024-09-16 11:17:39.773,417.33321193594304,13
2024-09-16 11:17:39.872,417.30792852357393,98
2024-09-16 11:17:39.897,417.33171047748885,1005
2024-09-16 11:17:39.908,417.28651825577606,1000
2024-09-16 11:17:39.949,417.3367150627272,11
2024-09-16 11:17:39.952,417.3144889909429,100
2024-09-16 11:17:40.022,417.2935804838103,1004
2024-09-16 11:17:40.031,417.30374770077685,6
2024-09-16 11:17:40.047,417.2705124836896,7
2024-09-16 11:17:40.152,417.3494241074053,1000
2024-09-16 11:17:40.189,417.3528638685556,102
2024-09-16 11:17:40.254,-417.3307399812632,98
2024-09-16 11:17:40.282,417.292838925694,1003
2024-09-16 11:17:40.288,417.3015260799077,996
2024-09-16 11:17:40.330,417.2994601290752,103
2024-09-16 11:17:40.568,417.2648921752616,9
2024-09-16 11:17:40.611,417.2675401712468,6
2024-09-16 11:17:40.641,417.2778362683456,96
2024-09-16 11:17:40.718,417.31808731657645,99
2024-09-16 11:17:40.756,417.33599379055175,5
2024-09-16 11:17:40.919,417.3091744735249,1003
2024-09-16 11:17:40.987,417.3088892791192,95
2024-09-16 11:17:41.090,417.3702495090028,12
2024-09-16 11:17:41.142,417.3590286624683,8
2024-09-16 11:17:41.213,417.3587284448329,103
2024-09-16 11:17:41.324,417.3612713745832,7
2024-09-16 11:17:41.340,417.3591747152583,1001
2024-09-16 11:17:41.396,417.3626196297705,1001
2024-09-16 11:17:41.407,417.3486644830546,12
2024-09-16 11:17:41.457,417.3643691854393,98
2024-09-16 11:17:41.470,417.3625031342883,1005
2024-09-16 11:17:41.472,417.3487732118574,1002
2024-09-16 11:17:41.533,417.3672866771778,7
2024-09-16 11:17:41.537,417.3724581837283,103
2024-09-16 11:17:41.595,417.3634344836945,14
2024-09-16 11:17:41.975,417.3636069529624,12
2024-09-16 11:17:42.025,417.3256893880636,997
2024-09-16 11:17:42.032,417.3369915037994,11
2024-09-16 11:17:42.039,417.34422442797046,95
2024-09-16 11:17:42.096,417.3540593356655,101
2024-09-16 11:17:42.172,417.3477589272042,97
2024-09-16 11:17:42.185,417.3881195993547,1000
2024-09-16 11:17:42.297,417.3673648513239,105
2024-09-16 11:17:42.342,417.3780674409155,9
2024-09-16 11:17:42.370,417.3317727301328,103
2024-09-16 11:17:42.371,417.3737322385094,1000
2024-09-16 11:17:42.423,417.3128264080684,99
2024-09-16 11:17:42.475,417.3591046435827,98
2024-09-16 11:17:42.512,417.2979438084565,996
2024-09-16 11:17:42.680,417.3262405654615,1002
2024-09-16 11:17:42.712,417.3267028600741,10
2024-09-16 11:17:42.715,417.3327574339296,14
2024-09-16 11:17:42.858,417.3541054067448,10
2024-09-16 11:17:42.880,417.3476977317907,999
2024-09-16 11:17:42.902,417.3509784514076,101
2024-09-16 11:17:42.929,417.34028965683297,15
2024-09-16 11:17:42.974,417.362048494744,100
2024-09-16 11:17:42.993,417.31307006533433,1005
2024-09-16 11:17:43.040,417.3880567848973,101
2024-09-16 11:17:43.096,417.3711456742724,999
2024-09-16 11:17:43.097,417.3520170693903,97
2024-09-16 11:17:43.104,417.3518898318012,95
2024-09-16 11:17:43.145,417.34597829158014,13
2024-09-16 11:17:43.152,417.3420403668553,995
2024-09-16 11:17:43.202,417.3689904747943,995
2024-09-16 11:17:43.222,417.37236950602016,104
2024-09-16 11:17:43.226,417.3576221890586,1004
2024-09-16 11:17:43.258,417.3679585975886,998
2024-09-16 11:17:43.279,417.3723514098028,998
2024-09-16 11:17:43.281,417.4024373565327,99
2024-09-16 11:17:43.305,417.348695737237,100
2024-09-16 11:17:43.368,417.3837856114853,14
2024-09-16 11:17:43.409,417.407156579834,9
2024-09-16 11:17:43.424,417.362021882849,10
2024-09-16 11:17:43.436,417.37512099955694,105
2024-09-16 11:17:43.485,417.3857008412939,997
2024-09-16 11:17:43.596,417.361853077134,1004
2024-09-16 11:17:43.665,417.3852342198043,995
2024-09-16 11:17:43.670,417.3494739051694,1000
2024-09-16 11:17:43.676,417.3956926668465,1001
2024-09-16 11:17:43.695,417.35553075675335,8
2024-09-16 11:17:43.797,417.3316363423095,10
2024-09-16 11:17:43.821,417.35839884113847,104
2024-09-16 11:17:43.823,417.3427939795844,15
2024-09-16 11:17:43.830,417.3435270986452,98
2024-09-16 11:17:43.836,417.3806304368188,13
2024-09-16 11:17:43.862,417.3933093942893,6
2024-09-16 11:17:43.983,417.37382401790194,103
2024-09-16 11:17:44.340,417.4051564193119,5
2024-09-16 11:17:44.787,417.3974001025997,102
2024-09-16 11:17:45.089,417.4209870264278,9
2024-09-16 11:17:45.106,417.4121386821839,996
2024-09-16 11:17:45.234,41.73544219209549,7
2024-09-16 11:17:45.303,417.42755021856925,998
2024-09-16 11:17:45.414,417.4012743122202,103
2024-09-16 11:17:45.449,417.3956201179457,105
2024-09-16 11:17:45.473,417.4075556827011,12
2024-09-16 11:17:45.493,417.4266325734409,7
2024-09-16 11:17:45.508,417.44017198543673,1001
2024-09-16 11:17:45.524,417.4189481425908,998
2024-09-16 11:17:45.528,417.4077510047577,996
2024-09-16 11:17:45.596,417.39075761606136,14
2024-09-16 11:17:45.695,417.42123257681504,5
2024-09-16 11:17:45.721,417.432000604972,102
2024-09-16 11:17:45.762,417.4238396414607,104
2024-09-16 11:17:45.872,417.3738630561642,997
2024-09-16 11:17:45.928,417.35869307299794,1000
2024-09-16 11:17:45.933,417.3936203498184,98
2024-09-16 11:17:45.935,417.4319155749069,1002
2024-09-16 11:17:45.955,417.4477168938064,5
2024-09-16 11:17:46.005,,995
2024-09-16 11:17:46.014,417.31475806573087,998
2024-09-16 11:17:46.117,417.3230916566964,998
2024-09-16 11:17:46.177,417.31704230606033,13
2024-09-16 11:17:46.263,417.3543280751495,98
2024-09-16 11:17:46.287,417.32082494468574,97
2024-09-16 11:17:46.299,417.3580372423188,14
2024-09-16 11:17:46.350,417.2997548608,996
2024-09-16 11:17:46.452,417.3373571095004,105
2024-09-16 11:17:46.453,417.3427868004681,1005
2024-09-16 11:17:46.454,417.3292715411768,13
2024-09-16 11:17:46.479,417.3562771781094,12
2024-09-16 11:17:46.479,417.34289142256335,97
2024-09-16 11:17:46.530,417.31803659437566,101
2024-09-16 11:17:46.536,417.30053998459766,997
2024-09-16 11:17:46.538,417.3531749019402,999
2024-09-16 11:17:46.583,417.3350448291658,1000
2024-09-16 11:17:46.592,417.3715568371609,95
2024-09-16 11:17:46.599,417.3788624268586,12
2024-09-16 11:17:46.604,417.34987246809465,12
2024-09-16 11:17:46.667,417.3094824541645,99
2024-09-16 11:17:46.715,417.3407691714939,1004
2024-09-16 11:17:46.827,417.34709530670153,7
2024-09-16 11:17:46.854,417.330704180855,1004
2024-09-16 11:17:46.869,417.301395428192,7
2024-09-16 11:17:47.088,417.3619517850595,1004
2024-09-16 11:17:47.458,417.3790269905528,997
2024-09-16 11:17:47.651,417.3626701669229,11
2024-09-16 11:17:48.163,417.3659441234258,97
2024-09-16 11:17:48.218,417.3872775079496,5
2024-09-16 11:17:48.327,417.3760256085296,997
2024-09-16 11:17:48.550,417.366973371921,999
2024-09-16 11:17:48.601,417.3717704314095,14
2024-09-16 11:17:48.711,417.3718542535527,99
2024-09-16 11:17:48.913,417.3713757806037,14
2024-09-16 11:17:48.916,417.37019497986944,13
2024-09-16 11:17:48.952,417.388938489702,997
2024-09-16 11:17:49.016,417.39143988044015,7
2024-09-16 11:17:49.279,417.3914655786797,9
2024-09-16 11:17:49.598,417.3824254743896,1001
2024-09-16 11:17:49.943,417.3792061759072,11
2024-09-16 11:17:50.039,417.4189577029607,8
2024-09-16 11:17:50.068,417.4253028823749,996
2024-09-16 11:17:50.088,417.37706995865074,7
2024-09-16 11:17:50.141,417.40526400607257,5
2024-09-16 11:17:50.192,417.4256700239033,11
2024-09-16 11:17:50.235,417.3970887838391,5
2024-09-16 11:17:50.295,417.4153820132227,1004
2024-09-16 11:17:50.352,417.3670453929,7
2024-09-16 11:17:50.526,417.3991861547576,12
2024-09-16 11:17:50.600,417.4266617063225,1001
2024-09-16 11:17:50.678,417.4226584317004,6
2024-09-16 11:17:50.723,417.3649536949183,1001
2024-09-16 11:17:50.802,417.4153500634937,995
2024-09-16 11:17:50.812,417.37047006748105,105
2024-09-16 11:17:50.844,417.4021846551466,15
2024-09-16 11:17:50.889,417.36811103301,1001
2024-09-16 11:17:50.953,417.4245471900273,96
2024-09-16 11:17:50.976,417.3525411692492,996
2024-09-16 11:17:50.976,417.3954325762557,97
2024-09-16 11:17:51.004,417.3452134136229,1004
2024-09-16 11:17:51.021,417.363947451638,101
2024-09-16 11:17:51.080,417.36330384166047,103
2024-09-16 11:17:51.094,417.365653990749,996
2024-09-16 11:17:51.150,417.36647419190285,996
2024-09-16 11:17:51.223,417.37962991380215,1001
2024-09-16 11:17:51.229,417.3651791359496,998
2024-09-16 11:17:51.258,417.3339441466828,999
2024-09-16 11:17:51.316,417.37696359738055,1004
2024-09-16 11:17:51.363,417.3766917152234,98
2024-09-16 11:17:51.425,417.34974360330847,1005
2024-09-16 11:17:51.446,417.3718684497052,995
2024-09-16 11:17:51.507,417.3500603604405,1005
2024-09-16 11:17:51.567,417.3293616960817,1000
2024-09-16 11:17:51.666,417.3581129688814,15
2024-09-16 11:17:51.736,417.3628635676652,1003
2024-09-16 11:17:51.754,417.37319975440295,6
2024-09-16 11:17:51.794,417.382703051684,11
2024-09-16 11:17:51.813,417.3746735858922,1002
2024-09-16 11:17:51.840,417.3563803305957,1004
2024-09-16 11:17:51.948,417.341237516868,7
2024-09-16 11:17:52.024,417.3462284387514,96
2024-09-16 11:17:52.046,417.3473765814096,12
2024-09-16 11:17:52.084,417.38349460971966,102
2024-09-16 11:17:52.101,417.36979489532126,995
2024-09-16 11:17:52.225,417.3610850558278,998
2024-09-16 11:17:52.242,417.3751163031907,10
2024-09-16 11:17:52.294,417.3705783072013,98
2024-09-16 11:17:52.297,417.3963689560744,105
2024-09-16 11:17:52.303,417.3597307613406,101
2024-09-16 11:17:52.326,417.3698172285525,10
2024-09-16 11:17:52.379,417.3524826968013,997
2024-09-16 11:17:52.427,417.3836449401976,8
2024-09-16 11:17:52.468,417.3831948288427,1000
2024-09-16 11:17:52.472,417.34557796611085,98
2024-09-16 11:17:52.496,417.365134639057,996
2024-09-16 11:17:52.498,417.3586652602581,6
2024-09-16 11:17:52.563,417.3685643767091,14
2024-09-16 11:17:52.616,417.3668479333978,9
2024-09-16 11:17:52.652,417.3525144840285,13
2024-09-16 11:17:52.668,417.3691171894355,997
2024-09-16 11:17:52.733,417.3804641704439,15
2024-09-16 11:17:52.749,417.3428955140193,995
2024-09-16 11:17:52.780,417.3620580590648,6
2024-09-16 11:17:52.792,-417.4049639327602,995
2024-09-16 11:17:52.795,417.3504909900644,1003
2024-09-16 11:17:52.908,417.36299310069234,1002
2024-09-16 11:17:52.962,417.3852649395897,11
2024-09-16 11:17:52.978,417.3414851272371,14
2024-09-16 11:17:53.053,417.36165415739015,7
2024-09-16 11:17:53.084,417.3972046937786,101
2024-09-16 11:17:53.364,417.3702771605451,11
2024-09-16 11:17:53.422,417.3870321505393,14
2024-09-16 11:17:53.531,417.3837009591325,999
2024-09-16 11:17:53.547,417.391477145113,9
2024-09-16 11:17:53.576,417.3904655990069,9
2024-09-16 11:17:53.590,417.3737509959454,996
2024-09-16 11:17:53.976,417.3818378376861,9
2024-09-16 11:17:54.042,417.440315410943,10
2024-09-16 11:17:54.410,417.4643240786702,6
2024-09-16 11:17:54.499,417.4446902736699,996
2024-09-16 11:17:54.588,417.43822662663126,8
2024-09-16 11:17:54.683,417.39881206135817,8
2024-09-16 11:17:54.713,417.4608850747766,6
2024-09-16 11:17:54.827,417.4522590326597,8
2024-09-16 11:17:54.832,417.4261186191471,8
2024-09-16 11:17:54.853,417.4364164729273,14
2024-09-16 11:17:54.896,417.4433853277744,103
2024-09-16 11:17:54.948,417.4351983380656,11
2024-09-16 11:17:55.175,417.4291746691296,9
2024-09-16 11:17:55.300,417.4665833065225,10
2024-09-16 11:17:55.401,417.43614354832914,95
2024-09-16 11:17:55.450,417.45716304233474,99
2024-09-16 11:17:55.668,417.457068549009,1003
2024-09-16 11:17:55.723,417.4558437870817,9
2024-09-16 11:17:55.753,417.4573649567743,6
2024-09-16 11:17:55.819,417.44647618936426,101
2024-09-16 11:17:55.908,417.413712159093,1002
2024-09-16 11:17:56.005,417.48889249004895,98
2024-09-16 11:17:56.013,417.40194680818473,6
2024-09-16 11:17:56.019,417.4429758090967,996
2024-09-16 11:17:56.149,417.3886311322269,5
2024-09-16 11:17:56.154,417.3659929778078,15
2024-09-16 11:17:56.202,417.3886255680986,996
2024-09-16 11:17:56.230,417.4555814573632,15
2024-09-16 11:17:56.379,417.4899362364068,95
2024-09-16 11:17:56.384,417.37237959191,10
2024-09-16 11:17:56.442,417.4890392874468,5
2024-09-16 11:17:56.493,417.4994265534651,1005
2024-09-16 11:17:56.494,417.3776091005324,10
2024-09-16 11:17:56.497,417.4662401871756,1003
2024-09-16 11:17:56.500,417.3720975983498,15
2024-09-16 11:17:56.510,417.49220227028616,998
2024-09-16 11:17:56.544,417.4374537858045,1004
2024-09-16 11:17:56.573,,997
2024-09-16 11:17:56.673,417.49802838040415,998
2024-09-16 11:17:56.713,417.4140615953355,99
2024-09-16 11:17:56.761,417.38833264356833,104
2024-09-16 11:17:56.780,417.4902975471883,11
2024-09-16 11:17:56.809,417.4940322486501,13
2024-09-16 11:17:56.878,417.44404375893527,99
2024-09-16 11:17:56.924,417.4633366016485,99
2024-09-16 11:17:56.975,417.3676994860469,14
2024-09-16 11:17:56.991,417.3723256866122,97
2024-09-16 11:17:56.997,417.44533417695817,1001
2024-09-16 11:17:57.020,417.45912608586383,99
2024-09-16 11:17:57.096,417.4622966665252,96
2024-09-16 11:17:57.389,417.4559377868495,1004
2024-09-16 11:17:57.410,417.45515991593226,1001
2024-09-16 11:17:57.500,417.43629868202527,95
2024-09-16 11:17:57.517,417.4814602431987,12
2024-09-16 11:17:57.721,417.451223989078,1002
2024-09-16 11:17:57.870,417.4880205250629,105
2024-09-16 11:17:57.873,417.4939305272832,99
2024-09-16 11:17:57.907,417.4860593837876,101
2024-09-16 11:17:57.967,417.4543158358197,98
2024-09-16 11:17:57.981,417.456392989422,103
2024-09-16 11:17:58.073,417.4329739475333,13
2024-09-16 11:17:58.158,417.4415006663175,10
2024-09-16 11:17:58.198,417.4736917557819,6
2024-09-16 11:17:58.297,417.44705474949245,100
2024-09-16 11:17:58.400,417.4831373979584,98
2024-09-16 11:17:58.487,417.4344297682927,998
2024-09-16 11:17:58.744,417.4446134245748,14
2024-09-16 11:17:58.769,417.4586719193917,11
2024-09-16 11:17:58.782,417.4434071559557,6
2024-09-16 11:17:59.039,417.4340647854706,995
2024-09-16 11:17:59.107,417.4735360659114,105
2024-09-16 11:17:59.232,417.4420762245833,6
2024-09-16 11:17:59.235,417.4249216827717,100
2024-09-16 11:17:59.382,417.4284056575636,12
2024-09-16 11:17:59.440,417.44285529812186,1002
2024-09-16 11:17:59.442,417.4426042025327,99
2024-09-16 11:17:59.521,417.4455721240737,98
2024-09-16 11:17:59.564,417.4105670325698,995
2024-09-16 11:17:59.593,417.4682704786442,96
2024-09-16 11:17:59.695,417.4579996224079,9
2024-09-16 11:17:59.704,417.39301246957154,102
2024-09-16 11:17:59.709,417.4682453102423,11
2024-09-16 11:17:59.827,417.4366551001175,995
2024-09-16 11:17:59.830,417.4521746670332,98
2024-09-16 11:17:59.830,41.74443968057096,1001
2024-09-16 11:17:59.871,417.4405122022248,97
2024-09-16 11:17:59.919,417.450243532658,95
2024-09-16 11:17:59.932,417.4675214355835,996
2024-09-16 11:17:59.962,417.4114461967839,98
2024-09-16 11:17:59.967,417.4738319239775,99
