Timestamp,Price,Size
2024-09-18 12:00:00.053,415.7432098515423,99
2024-09-18 12:00:00.134,415.7485478925262,101
2024-09-18 12:00:00.136,415.7510808354589,105
2024-09-18 12:00:00.286,415.745750655291,1005
2024-09-18 12:00:00.286,415.7449527015804,97
2024-09-18 12:00:00.296,415.75330124052607,5
2024-09-18 12:00:00.355,415.7550381363549,15
2024-09-18 12:00:00.367,415.74481443820304,999
2024-09-18 12:00:00.431,415.74126172628246,1001
2024-09-18 12:00:00.436,415.7306754584839,102
2024-09-18 12:00:00.476,415.7584131939031,100
2024-09-18 12:00:00.608,415.7435471145892,12
2024-09-18 12:00:00.684,415.78393726768047,12
2024-09-18 12:00:00.844,415.7293249569694,9
2024-09-18 12:00:00.884,415.7756621473566,100
2024-09-18 12:00:00.949,415.72650450433207,11
2024-09-18 12:00:00.959,-415.7605888067409,10
2024-09-18 12:00:01.035,415.7816348255851,101
2024-09-18 12:00:01.073,415.7676943948144,97
2024-09-18 12:00:01.240,-415.76491995329286,105
2024-09-18 12:00:01.320,415.7687294196206,99
2024-09-18 12:00:01.452,415.7426042495764,96
2024-09-18 12:00:01.473,415.7839739317506,98
2024-09-18 12:00:01.649,415.784002277138,1003
2024-09-18 12:00:01.745,415.7572105127106,100
2024-09-18 12:00:01.755,415.7735449005247,104
2024-09-18 12:00:01.959,415.7816574363714,98
2024-09-18 12:00:02.026,415.79531252652674,13
2024-09-18 12:00:02.138,415.8272528441453,1005
2024-09-18 12:00:02.238,415.8436529058841,105
2024-09-18 12:00:02.255,415.8417310906294,99
2024-09-18 12:00:02.289,415.8187190519265,1005
2024-09-18 12:00:02.335,415.7966341070976,999
2024-09-18 12:00:02.508,415.8297703574302,15
2024-09-18 12:00:02.638,415.8157262525164,11
2024-09-18 12:00:02.871,415.811983073382,1004
2024-09-18 12:00:02.912,415.7974139387018,99
2024-09-18 12:00:02.946,415.8298632113147,102
2024-09-18 12:00:02.979,415.7804290616533,999
2024-09-18 12:00:03.040,415.76812203970735,998
2024-09-18 12:00:03.092,415.7973738475253,102
2024-09-18 12:00:03.138,415.7830648729338,996
2024-09-18 12:00:03.628,415.7616564955376,96
2024-09-18 12:00:03.784,415.7446025967525,10
2024-09-18 12:00:03.809,415.7483329289259,1005
2024-09-18 12:00:03.851,415.7601816246962,1000
2024-09-18 12:00:03.867,415.7528400586701,997
2024-09-18 12:00:03.901,415.80028416909096,99
2024-09-18 12:00:03.961,41.57616024215567,999
2024-09-18 12:00:03.964,415.7662645909837,1005
2024-09-18 12:00:04.044,,15
2024-09-18 12:00:04.063,415.7311293477485,15
2024-09-18 12:00:04.082,415.7198349942311,996
2024-09-18 12:00:04.124,415.76294271360905,7
2024-09-18 12:00:04.128,415.7537698048985,8
2024-09-18 12:00:04.159,415.75424049983286,6
2024-09-18 12:00:04.216,415.7216145047437,1003
2024-09-18 12:00:04.281,415.7245357615674,13
2024-09-18 12:00:04.297,415.72868525743945,6
2024-09-18 12:00:04.381,415.8101295625326,999
2024-09-18 12:00:04.384,415.8081943874099,995
2024-09-18 12:00:04.434,415.7534168095739,996
2024-09-18 12:00:04.443,415.74189972796427,9
2024-09-18 12:00:04.493,415.8105343968916,11
2024-09-18 12:00:04.496,415.737235972116,103
2024-09-18 12:00:04.505,415.7609287449294,995
2024-09-18 12:00:04.529,415.7914962516696,14
2024-09-18 12:00:04.605,415.7515713077848,1000
2024-09-18 12:00:04.610,415.7565368410855,11
2024-09-18 12:00:04.680,415.7326083960378,1004
2024-09-18 12:00:04.834,415.8060056815615,1002
2024-09-18 12:00:04.937,415.7256912470684,995
2024-09-18 12:00:04.946,415.718350566063,1003
2024-09-18 12:00:04.955,415.8104419130865,1003
2024-09-18 12:00:05.029,415.7830102835392,997
2024-09-18 12:00:05.068,415.8311289140668,1002
2024-09-18 12:00:05.080,415.7793592159664,100
2024-09-18 12:00:05.103,415.8511294222746,1004
2024-09-18 12:00:05.173,415.8214395428549,104
2024-09-18 12:00:05.198,415.8108560364008,10
2024-09-18 12:00:05.328,415.7756947941848,997
2024-09-18 12:00:05.372,415.79695353567183,95
2024-09-18 12:00:05.399,415.8482110064231,102
2024-09-18 12:00:05.453,415.7656953061624,1002
2024-09-18 12:00:05.479,415.8337575575584,15
2024-09-18 12:00:05.482,,7
2024-09-18 12:00:05.559,415.81571281957446,95
2024-09-18 12:00:05.643,415.79053434463646,95
2024-09-18 12:00:05.644,415.7571924643882,6
2024-09-18 12:00:05.668,415.7928206453562,995
2024-09-18 12:00:05.786,415.749215981404,102
2024-09-18 12:00:05.791,,15
2024-09-18 12:00:05.811,415.7766852814343,97
2024-09-18 12:00:05.822,415.7580314616645,1000
2024-09-18 12:00:05.876,415.78758030528985,96
2024-09-18 12:00:05.886,415.7918194051892,15
2024-09-18 12:00:05.893,415.77893015438536,5
2024-09-18 12:00:05.902,415.8325745227022,1001
2024-09-18 12:00:05.915,415.76091264077166,14
2024-09-18 12:00:05.925,415.834969129894,998
2024-09-18 12:00:05.940,415.7778308311282,99
2024-09-18 12:00:05.979,415.84003074984383,99
2024-09-18 12:00:05.992,415.76060076498914,998
2024-09-18 12:00:06.011,415.8145310124374,11
2024-09-18 12:00:06.015,415.7934923252704,5
2024-09-18 12:00:06.043,415.7949734868743,1005
2024-09-18 12:00:06.043,415.8153953510414,96
2024-09-18 12:00:06.171,415.8182106426359,10
2024-09-18 12:00:06.222,415.75964783192126,9
2024-09-18 12:00:06.277,415.8066822700212,1002
2024-09-18 12:00:06.305,415.7809978327251,1003
2024-09-18 12:00:06.385,415.7893068974472,15
2024-09-18 12:00:06.497,415.76344371552506,9
2024-09-18 12:00:06.662,415.8042261236588,9
2024-09-18 12:00:06.663,415.774356677709,7
2024-09-18 12:00:06.674,415.81417366772416,1005
2024-09-18 12:00:06.689,415.7723769018653,997
2024-09-18 12:00:06.697,415.7837831549844,1001
2024-09-18 12:00:06.830,415.7712769388584,101
2024-09-18 12:00:06.856,415.8057161519835,11
2024-09-18 12:00:06.868,415.8030149260255,11
2024-09-18 12:00:06.952,415.8273679930807,104
2024-09-18 12:00:07.049,415.84123748432313,1002
2024-09-18 12:00:07.067,415.8540327587317,7
2024-09-18 12:00:07.068,415.84130332568793,12
2024-09-18 12:00:07.239,415.8357554275164,100
2024-09-18 12:00:07.259,415.84686754208536,99
2024-09-18 12:00:07.270,415.8279841538709,8
2024-09-18 12:00:07.274,415.834405377375,1000
2024-09-18 12:00:07.302,415.86018902104695,100
2024-09-18 12:00:07.320,415.8669947574835,7
2024-09-18 12:00:07.378,415.8273527134395,101
2024-09-18 12:00:07.390,415.8223597572477,103
2024-09-18 12:00:07.413,415.8318135112628,6
2024-09-18 12:00:07.433,415.84659399713286,996
2024-09-18 12:00:07.442,415.82981389768815,8
2024-09-18 12:00:07.462,415.8212971602321,1000
2024-09-18 12:00:07.535,415.84387572235056,104
2024-09-18 12:00:07.563,415.8317869604365,997
2024-09-18 12:00:07.618,415.8351729843646,15
2024-09-18 12:00:07.640,415.8638655742649,96
2024-09-18 12:00:07.729,415.8246610305981,1004
2024-09-18 12:00:07.809,415.839188705052,101
2024-09-18 12:00:07.935,415.845057612246,1004
2024-09-18 12:00:07.972,415.8371577659692,10
2024-09-18 12:00:08.031,415.8097559127068,97
2024-09-18 12:00:08.045,415.8103847600536,1003
2024-09-18 12:00:08.063,415.81375880673096,1003
2024-09-18 12:00:08.120,415.79850475953367,7
2024-09-18 12:00:08.127,415.8054582540018,12
2024-09-18 12:00:08.161,415.8439627406015,103
2024-09-18 12:00:08.164,415.8351036566947,10
2024-09-18 12:00:08.201,41.58339064454239,1005
2024-09-18 12:00:08.212,415.8402127006081,1003
2024-09-18 12:00:08.226,415.8279229047925,8
2024-09-18 12:00:08.263,415.83411600085554,13
2024-09-18 12:00:08.301,415.8350204607986,995
2024-09-18 12:00:08.322,415.831266166579,10
2024-09-18 12:00:08.361,415.8159122153328,996
2024-09-18 12:00:08.411,415.8336475542089,95
2024-09-18 12:00:08.499,,15
2024-09-18 12:00:08.518,415.8112347260312,99
2024-09-18 12:00:08.549,415.8258106532597,8
2024-09-18 12:00:08.553,415.8083877596373,102
2024-09-18 12:00:08.566,415.8334736309709,8
2024-09-18 12:00:08.599,415.8280218564627,96
2024-09-18 12:00:08.768,415.827583129442,97
2024-09-18 12:00:08.882,415.8413363464779,8
2024-09-18 12:00:09.047,415.8321359886757,98
2024-09-18 12:00:09.151,415.807351027987,13
2024-09-18 12:00:09.184,415.8193036744082,1000
2024-09-18 12:00:09.619,415.8317795907124,104
2024-09-18 12:00:09.637,415.8121054666544,13
2024-09-18 12:00:09.713,415.8244712757389,997
2024-09-18 12:00:10.147,415.8054808849204,1004
2024-09-18 12:00:10.196,415.7972787378473,104
2024-09-18 12:00:10.214,415.7929994861601,8
2024-09-18 12:00:10.249,415.77303299833073,96
2024-09-18 12:00:10.309,415.787270277859,5
2024-09-18 12:00:10.312,415.7920067276598,997
2024-09-18 12:00:10.344,415.7844885258317,1002
2024-09-18 12:00:10.417,415.80186585827386,1000
2024-09-18 12:00:10.533,415.7995588686522,5
2024-09-18 12:00:10.543,415.7967649564317,995
2024-09-18 12:00:10.553,415.79850662735095,1005
2024-09-18 12:00:10.602,415.8213310980327,104
2024-09-18 12:00:10.606,415.7800211305288,1000
2024-09-18 12:00:10.789,415.7882327152397,1004
2024-09-18 12:00:10.815,415.7885318189923,997
2024-09-18 12:00:11.302,415.8030064246581,104
2024-09-18 12:00:11.319,415.7993989207056,95
2024-09-18 12:00:11.357,415.8177167815244,8
2024-09-18 12:00:11.893,415.7921822869978,11
2024-09-18 12:00:12.120,415.7660125764042,998
2024-09-18 12:00:12.205,415.7857552736819,997
2024-09-18 12:00:12.238,415.7582981123721,1003
2024-09-18 12:00:12.250,415.7676100789076,96
2024-09-18 12:00:12.275,415.7719360720791,15
2024-09-18 12:00:12.417,415.73912437997416,95
2024-09-18 12:00:12.515,415.7526470108669,1000
2024-09-18 12:00:12.539,415.7613074949428,105
2024-09-18 12:00:12.740,415.7587895649093,1003
2024-09-18 12:00:12.787,415.7442377847947,14
2024-09-18 12:00:12.794,415.7641250119465,5
2024-09-18 12:00:12.820,41.576021565737655,99
2024-09-18 12:00:12.821,-415.7572799232073,100
2024-09-18 12:00:12.835,415.7891834965832,9
2024-09-18 12:00:12.840,415.7653790611701,103
2024-09-18 12:00:12.847,415.7383726832499,8
2024-09-18 12:00:12.917,415.7643111732341,105
2024-09-18 12:00:12.923,415.7496980030389,10
2024-09-18 12:00:12.957,415.7509142364494,105
2024-09-18 12:00:12.995,41.5775963501896,1001
2024-09-18 12:00:13.108,415.772329488473,7
2024-09-18 12:00:13.115,415.7759997970553,11
2024-09-18 12:00:13.154,415.7843284781598,1000
2024-09-18 12:00:13.211,415.7812232579489,998
2024-09-18 12:00:13.247,415.7209629209464,1001
2024-09-18 12:00:13.326,415.7598034280426,95
2024-09-18 12:00:13.333,415.7141222688186,1001
2024-09-18 12:00:13.479,415.77765550859465,100
2024-09-18 12:00:13.524,415.7422883255829,12
2024-09-18 12:00:13.786,415.7914626249531,10
2024-09-18 12:00:13.809,415.7299681646528,5
2024-09-18 12:00:13.886,415.7435177236585,102
2024-09-18 12:00:13.911,415.72075743366463,99
2024-09-18 12:00:14.066,415.7335662468245,105
2024-09-18 12:00:14.092,415.7034123531228,8
2024-09-18 12:00:14.119,415.72989936237815,11
2024-09-18 12:00:14.129,415.72092748423495,105
2024-09-18 12:00:14.146,415.7831779188453,95
2024-09-18 12:00:14.149,415.8131453056504,996
2024-09-18 12:00:14.170,415.7814729699726,999
2024-09-18 12:00:14.232,415.77351486538686,101
2024-09-18 12:00:14.300,415.7365244928109,995
2024-09-18 12:00:14.406,41.57979572081812,13
2024-09-18 12:00:14.428,415.7163197944525,95
2024-09-18 12:00:14.435,415.7938791139761,1001
2024-09-18 12:00:14.489,415.7750578877351,1004
2024-09-18 12:00:14.545,415.78005672735407,98
2024-09-18 12:00:14.666,415.7724242409989,13
2024-09-18 12:00:14.686,415.77952459724185,995
2024-09-18 12:00:14.710,415.7197447439171,96
2024-09-18 12:00:14.721,415.8047937029274,13
2024-09-18 12:00:14.841,415.78529543426777,1004
2024-09-18 12:00:14.916,415.7119841352748,99
2024-09-18 12:00:14.920,415.8065881137978,105
2024-09-18 12:00:14.926,415.8010453540575,105
2024-09-18 12:00:14.960,415.7209341701564,101
2024-09-18 12:00:14.974,415.7139080968944,999
2024-09-18 12:00:14.979,415.7953470021753,100
2024-09-18 12:00:14.993,415.6728972438296,102
2024-09-18 12:00:15.021,415.6754131878068,12
2024-09-18 12:00:15.055,415.69260685564734,99
2024-09-18 12:00:15.056,415.6883698632903,1001
2024-09-18 12:00:15.135,415.6912686433628,99
2024-09-18 12:00:15.192,415.6848171640609,1000
2024-09-18 12:00:15.211,415.688906807476,12
2024-09-18 12:00:15.218,415.6906444614643,14
2024-09-18 12:00:15.284,415.6591341144698,103
2024-09-18 12:00:15.373,415.6668166742464,14
2024-09-18 12:00:15.426,415.6910257265292,996
2024-09-18 12:00:15.486,415.6749920584312,98
2024-09-18 12:00:15.601,415.69451518808165,7
2024-09-18 12:00:15.607,415.680167070019,1005
2024-09-18 12:00:15.615,415.6733962800623,97
2024-09-18 12:00:15.637,415.693644341077,7
2024-09-18 12:00:15.682,415.6934992562996,103
2024-09-18 12:00:15.698,415.6835097717649,996
2024-09-18 12:00:15.704,415.6906487584747,999
2024-09-18 12:00:15.761,415.6877809755239,1003
2024-09-18 12:00:15.775,415.6814785134299,1003
2024-09-18 12:00:15.844,415.6655374686923,99
2024-09-18 12:00:15.987,415.67940973738615,105
2024-09-18 12:00:16.021,415.7613818886071,102
2024-09-18 12:00:16.025,415.6969494554361,1003
2024-09-18 12:00:16.032,415.74475153595387,96
2024-09-18 12:00:16.159,415.75069254229743,6
2024-09-18 12:00:16.163,415.6930020016218,1004
2024-09-18 12:00:16.220,415.7627632939586,14
2024-09-18 12:00:16.226,415.7362772281878,1005
2024-09-18 12:00:16.237,415.74377173055615,15
2024-09-18 12:00:16.304,415.7269183811425,997
2024-09-18 12:00:16.315,415.71292431369,996
2024-09-18 12:00:16.319,415.7433088373344,11
2024-09-18 12:00:16.436,415.7601311020705,98
2024-09-18 12:00:16.446,415.7259964731392,1002
2024-09-18 12:00:16.451,415.7371370760224,6
2024-09-18 12:00:16.468,415.7019972935207,1001
2024-09-18 12:00:16.534,415.69967315241104,995
2024-09-18 12:00:16.682,415.7488598055046,95
2024-09-18 12:00:16.749,415.73884548006646,15
2024-09-18 12:00:16.806,415.6825415221339,10
2024-09-18 12:00:16.807,-415.728519495804,999
2024-09-18 12:00:16.808,415.7366713012323,5
2024-09-18 12:00:16.900,415.6869990700876,995
2024-09-18 12:00:16.915,415.7257363950498,12
2024-09-18 12:00:16.937,415.7342219889026,14
2024-09-18 12:00:16.985,415.73446811326136,997
2024-09-18 12:00:17.081,415.7249224468581,13
2024-09-18 12:00:17.117,415.7201559304365,1003
2024-09-18 12:00:17.134,415.7350492127678,101
2024-09-18 12:00:17.172,415.72876428818,103
2024-09-18 12:00:17.213,415.7133048305132,1004
2024-09-18 12:00:17.237,415.7560220875794,105
2024-09-18 12:00:17.246,415.72386625182185,96
2024-09-18 12:00:17.284,415.7130755353779,102
2024-09-18 12:00:17.324,415.7201085331114,1005
2024-09-18 12:00:17.348,415.7132498603512,12
2024-09-18 12:00:17.353,415.7471246264698,13
2024-09-18 12:00:17.388,,1000
2024-09-18 12:00:17.438,415.73635545156407,102
2024-09-18 12:00:17.440,415.7328805150814,9
2024-09-18 12:00:17.450,415.70629109839007,6
2024-09-18 12:00:17.461,415.74950963179526,1002
2024-09-18 12:00:17.503,415.7364742691115,997
2024-09-18 12:00:17.564,415.7490003802172,100
2024-09-18 12:00:17.575,415.70365080491786,95
2024-09-18 12:00:17.620,415.7643808092295,100
2024-09-18 12:00:17.646,415.7538074985639,15
2024-09-18 12:00:17.664,415.731713690068,995
2024-09-18 12:00:17.699,415.72587421151,95
2024-09-18 12:00:17.702,415.7282723017825,101
2024-09-18 12:00:17.781,415.7062307542285,103
2024-09-18 12:00:17.787,415.78167741779055,999
2024-09-18 12:00:17.856,415.74319246044905,998
2024-09-18 12:00:17.927,415.70594958305287,999
2024-09-18 12:00:17.973,415.7384639593736,999
2024-09-18 12:00:17.987,415.7393260118732,1000
2024-09-18 12:00:18.067,415.7857991145803,95
2024-09-18 12:00:18.146,415.7987818742526,1003
2024-09-18 12:00:18.196,415.77267426940654,103
2024-09-18 12:00:18.381,415.783396316167,996
2024-09-18 12:00:18.418,415.7561404589183,102
2024-09-18 12:00:18.458,415.7760332166396,998
2024-09-18 12:00:18.626,415.7834886598088,1003
2024-09-18 12:00:18.628,415.7730765823026,995
2024-09-18 12:00:18.632,415.8029036123031,1004
2024-09-18 12:00:18.659,415.77606065769226,96
2024-09-18 12:00:18.730,415.78882991572095,101
2024-09-18 12:00:18.844,,998
2024-09-18 12:00:19.001,415.7943407080414,99
2024-09-18 12:00:19.013,415.76515640224966,1003
2024-09-18 12:00:19.096,415.7916438264709,105
2024-09-18 12:00:19.106,415.7731367290989,11
2024-09-18 12:00:19.122,415.7818132715694,1002
2024-09-18 12:00:19.292,-415.7727718555017,1002
2024-09-18 12:00:19.310,415.7845933446346,13
2024-09-18 12:00:19.425,415.7887994974337,998
2024-09-18 12:00:19.453,415.7618897930819,99
2024-09-18 12:00:19.468,415.76200910806136,104
2024-09-18 12:00:19.643,415.7696944790448,11
2024-09-18 12:00:19.675,415.77110704227226,103
2024-09-18 12:00:19.679,415.7585798734208,11
2024-09-18 12:00:19.683,415.7413994085997,9
2024-09-18 12:00:19.692,415.7895725580229,1000
2024-09-18 12:00:19.721,415.7555955108459,9
2024-09-18 12:00:19.756,415.7751899492961,997
2024-09-18 12:00:19.771,415.7691655169782,1001
2024-09-18 12:00:19.838,415.79157260691807,997
2024-09-18 12:00:19.878,415.7517736733229,1004
2024-09-18 12:00:19.886,415.7648394975701,98
2024-09-18 12:00:19.889,415.7719372683639,100
2024-09-18 12:00:19.944,415.7846113947122,9
2024-09-18 12:00:20.057,415.8418400942423,7
2024-09-18 12:00:20.155,415.7767924775661,105
2024-09-18 12:00:20.156,415.7743284364792,995
2024-09-18 12:00:20.208,415.8371000970146,105
2024-09-18 12:00:20.213,415.7621438672392,95
2024-09-18 12:00:20.215,415.8555847940179,995
2024-09-18 12:00:20.265,415.8078516411622,995
2024-09-18 12:00:20.318,415.8307614850105,1002
2024-09-18 12:00:20.368,415.77302567182295,102
2024-09-18 12:00:20.374,415.8304478440188,1002
2024-09-18 12:00:20.388,415.7695081961061,6
2024-09-18 12:00:20.400,415.7967905022435,7
2024-09-18 12:00:20.552,415.8568443075284,95
2024-09-18 12:00:20.630,415.82388552407366,98
2024-09-18 12:00:20.646,415.7901666311152,98
2024-09-18 12:00:20.668,415.79970272196505,103
2024-09-18 12:00:20.675,415.77506202822536,97
2024-09-18 12:00:20.724,415.7691715000391,999
2024-09-18 12:00:20.727,415.79223541644,96
2024-09-18 12:00:20.754,415.84378595416257,999
2024-09-18 12:00:20.776,415.8504063996967,5
2024-09-18 12:00:20.786,415.8262883351544,104
2024-09-18 12:00:20.786,415.8276173247216,104
2024-09-18 12:00:20.804,415.77749405380825,1001
2024-09-18 12:00:20.822,415.7679427602136,10
2024-09-18 12:00:20.831,415.8427417716877,12
2024-09-18 12:00:20.936,415.7848196512873,11
2024-09-18 12:00:20.984,415.7548578579072,6
2024-09-18 12:00:21.017,415.86591064206567,104
2024-09-18 12:00:21.126,415.8767833402361,7
2024-09-18 12:00:21.335,415.8849994933335,1001
2024-09-18 12:00:21.355,415.8914357136527,15
2024-09-18 12:00:21.532,415.8508021123925,14
2024-09-18 12:00:21.592,415.8663508374402,11
2024-09-18 12:00:21.791,415.8714431365737,1000
2024-09-18 12:00:21.802,415.8575267105391,7
2024-09-18 12:00:21.825,415.87019682272097,8
2024-09-18 12:00:21.864,415.87318445110793,1005
2024-09-18 12:00:21.969,415.8757450760624,12
2024-09-18 12:00:22.060,415.9014734766122,1000
2024-09-18 12:00:22.150,415.9171457729132,104
2024-09-18 12:00:22.181,415.87771516089066,104
2024-09-18 12:00:22.253,415.877342022761,1000
2024-09-18 12:00:22.338,415.872730141212,10
2024-09-18 12:00:22.518,415.88967312674765,1003
2024-09-18 12:00:22.537,415.8883372926681,1002
2024-09-18 12:00:22.560,415.89057902974855,999
2024-09-18 12:00:22.760,415.8783131790724,101
2024-09-18 12:00:22.762,415.9140403616374,102
2024-09-18 12:00:22.803,415.8751629932841,102
2024-09-18 12:00:22.904,415.89973668975006,100
2024-09-18 12:00:22.908,415.872748965876,1001
2024-09-18 12:00:23.078,415.9545906658424,95
2024-09-18 12:00:23.126,-415.9687502866392,6
2024-09-18 12:00:23.177,415.9714625765966,95
2024-09-18 12:00:23.204,415.8780741570906,6
2024-09-18 12:00:23.241,415.9084618871798,996
2024-09-18 12:00:23.246,415.85368115778607,1005
2024-09-18 12:00:23.267,415.92596822654224,99
2024-09-18 12:00:23.278,415.8579728383585,999
2024-09-18 12:00:23.282,415.89613764770405,97
2024-09-18 12:00:23.287,415.9337024869409,14
2024-09-18 12:00:23.317,415.868148528203,12
2024-09-18 12:00:23.345,415.9452958022183,998
2024-09-18 12:00:23.349,415.92046349001686,5
2024-09-18 12:00:23.356,415.90662721572926,1003
2024-09-18 12:00:23.522,415.8984416611858,13
2024-09-18 12:00:23.577,415.8974804521165,11
2024-09-18 12:00:23.583,415.8634670470468,1004
2024-09-18 12:00:23.630,415.90375526629697,5
2024-09-18 12:00:23.717,415.9373384177668,14
2024-09-18 12:00:23.749,415.883729751662,8
2024-09-18 12:00:23.771,415.93184416147136,999
2024-09-18 12:00:23.931,415.9283126103326,11
2024-09-18 12:00:23.979,415.8722609452457,1003
2024-09-18 12:00:23.988,415.9709104313371,1000
2024-09-18 12:00:24.079,415.9651829559516,98
2024-09-18 12:00:24.408,415.9810676692978,996
2024-09-18 12:00:24.491,415.9618936836557,13
2024-09-18 12:00:24.503,415.9645170027972,8
2024-09-18 12:00:24.531,415.9682447075914,995
2024-09-18 12:00:24.576,415.953867703137,1000
2024-09-18 12:00:24.744,415.9611277990475,7
2024-09-18 12:00:24.747,415.9632275616721,998
2024-09-18 12:00:25.091,415.9300209822921,7
2024-09-18 12:00:25.092,415.92584318135226,13
2024-09-18 12:00:25.164,415.9059070723934,13
2024-09-18 12:00:25.165,415.8752322923097,1001
2024-09-18 12:00:25.176,415.9082657600698,999
2024-09-18 12:00:25.193,415.9780738061403,8
2024-09-18 12:00:25.215,415.9681050689286,101
2024-09-18 12:00:25.220,415.9797887429742,97
2024-09-18 12:00:25.280,415.86088790667407,99
2024-09-18 12:00:25.303,415.8882348500501,97
2024-09-18 12:00:25.306,415.90182196942175,15
2024-09-18 12:00:25.363,415.92622144790016,15
2024-09-18 12:00:25.529,415.8923300551679,102
2024-09-18 12:00:25.534,415.8913573332061,1001
2024-09-18 12:00:25.573,415.88204471724623,98
2024-09-18 12:00:25.593,415.9059096604439,98
2024-09-18 12:00:25.598,415.97445259616353,5
2024-09-18 12:00:25.636,415.9709466612418,15
2024-09-18 12:00:25.645,415.9813138934789,999
2024-09-18 12:00:25.647,415.8923414422303,8
2024-09-18 12:00:25.660,415.9450472989199,1001
2024-09-18 12:00:25.664,415.88523932696086,995
2024-09-18 12:00:25.698,415.9033765860686,1001
2024-09-18 12:00:25.760,415.8665260996956,96
2024-09-18 12:00:25.787,415.90744054248137,9
2024-09-18 12:00:25.799,,95
2024-09-18 12:00:25.802,415.89286678491953,7
2024-09-18 12:00:25.918,415.9436967660848,7
2024-09-18 12:00:25.920,415.9105261420234,95
2024-09-18 12:00:25.997,415.9189990162296,1001
2024-09-18 12:00:26.012,415.8712341445285,1003
2024-09-18 12:00:26.286,415.8704513498787,5
2024-09-18 12:00:26.419,415.8642549679986,10
2024-09-18 12:00:27.020,415.84826055503856,999
2024-09-18 12:00:27.086,415.85508048017454,11
2024-09-18 12:00:27.119,415.85913818037903,15
2024-09-18 12:00:27.135,415.85429743417006,15
2024-09-18 12:00:27.174,415.8475568548061,1003
2024-09-18 12:00:27.181,415.8514253751787,1004
2024-09-18 12:00:27.337,415.872901030585,998
2024-09-18 12:00:27.344,415.86253932184434,1004
2024-09-18 12:00:27.370,415.90280448188815,103
2024-09-18 12:00:27.434,415.89814760432944,100
2024-09-18 12:00:27.474,415.8745687531008,7
2024-09-18 12:00:27.516,415.9001221885803,999
2024-09-18 12:00:27.521,415.8782857232142,5
2024-09-18 12:00:27.665,415.8788667279271,7
2024-09-18 12:00:27.693,415.8616841371869,5
2024-09-18 12:00:27.741,415.8730935939385,105
2024-09-18 12:00:27.783,415.88035160164566,9
2024-09-18 12:00:27.830,415.85083805032895,99
2024-09-18 12:00:27.982,415.9079820292675,11
2024-09-18 12:00:27.999,415.8744227203789,96
2024-09-18 12:00:28.016,415.8489687190753,103
2024-09-18 12:00:28.055,415.8449382018899,997
2024-09-18 12:00:28.090,415.87995442692863,997
2024-09-18 12:00:28.177,415.8964332569574,96
2024-09-18 12:00:28.183,415.8537488166728,9
2024-09-18 12:00:28.197,415.86355746646615,1005
2024-09-18 12:00:28.242,415.8841734980636,9
2024-09-18 12:00:28.280,415.8471866312997,7
2024-09-18 12:00:28.329,415.87272916946335,12
2024-09-18 12:00:28.341,41.58529457466727,96
2024-09-18 12:00:28.417,415.85532375752825,995
2024-09-18 12:00:28.545,415.8614040200624,7
2024-09-18 12:00:28.578,,5
2024-09-18 12:00:28.651,-415.8677435540733,14
2024-09-18 12:00:28.700,415.8757390148996,1005
2024-09-18 12:00:28.740,415.866643292157,104
2024-09-18 12:00:28.797,415.90860994630094,104
2024-09-18 12:00:28.988,415.9008505845646,1003
2024-09-18 12:00:30.012,416.0339312759965,1003
2024-09-18 12:00:30.064,415.9887938354784,100
2024-09-18 12:00:30.152,416.0529700573529,995
2024-09-18 12:00:30.154,416.05015867719374,1000
2024-09-18 12:00:30.159,416.0039895121983,105
2024-09-18 12:00:30.186,415.938476028512,96
2024-09-18 12:00:30.341,416.0351705954699,1001
2024-09-18 12:00:30.347,415.99936046805936,103
2024-09-18 12:00:30.370,416.0493187459805,997
2024-09-18 12:00:30.411,415.9208899311772,1002
2024-09-18 12:00:30.424,416.0348004997907,10
2024-09-18 12:00:30.434,415.9870407662831,97
2024-09-18 12:00:30.455,415.9217646845399,6
2024-09-18 12:00:30.471,416.03791785633297,1000
2024-09-18 12:00:30.471,415.9607620866348,9
2024-09-18 12:00:30.527,415.929437408566,12
2024-09-18 12:00:30.566,41.605044115183,103
2024-09-18 12:00:30.585,415.9518597617994,996
2024-09-18 12:00:30.652,416.0522769221102,999
2024-09-18 12:00:30.729,415.9952616958075,1004
2024-09-18 12:00:30.745,416.06029635676,998
2024-09-18 12:00:30.768,416.0591919642336,11
2024-09-18 12:00:30.855,415.93990881568624,97
2024-09-18 12:00:30.876,415.9972205389572,8
2024-09-18 12:00:30.887,416.0101146329309,95
2024-09-18 12:00:30.986,416.0646333176416,10
2024-09-18 12:00:31.162,416.0549971108163,998
2024-09-18 12:00:31.218,416.09826542271617,1000
2024-09-18 12:00:31.274,416.0503887440636,95
2024-09-18 12:00:31.308,416.0701474292852,98
2024-09-18 12:00:31.312,416.10043483940206,1002
2024-09-18 12:00:31.340,416.09070181534383,6
2024-09-18 12:00:31.527,416.1016978723015,996
2024-09-18 12:00:31.537,416.10818470279406,8
2024-09-18 12:00:31.558,416.0615186756897,996
2024-09-18 12:00:31.660,416.05779260163865,98
2024-09-18 12:00:31.723,416.0984419040901,103
2024-09-18 12:00:31.763,416.04046385559786,10
2024-09-18 12:00:32.109,416.1014607717914,10
2024-09-18 12:00:32.182,416.1109270569611,998
2024-09-18 12:00:32.347,416.1163285237977,996
2024-09-18 12:00:32.539,416.1126258570945,1002
2024-09-18 12:00:32.818,416.108720036589,1004
2024-09-18 12:00:34.048,416.10337735101695,97
2024-09-18 12:00:34.063,416.0942066516027,1000
2024-09-18 12:00:34.068,416.058050111424,996
2024-09-18 12:00:34.126,416.0962700740429,100
2024-09-18 12:00:34.201,416.1092162657173,12
2024-09-18 12:00:34.403,416.11289041785903,1000
2024-09-18 12:00:34.427,416.1156035997967,103
2024-09-18 12:00:34.443,416.06081219866223,97
2024-09-18 12:00:34.468,416.11556466337817,997
2024-09-18 12:00:34.500,416.08980476888144,996
2024-09-18 12:00:34.552,416.0987649408397,101
2024-09-18 12:00:34.608,416.0880422669279,995
2024-09-18 12:00:34.637,416.0662439893868,10
2024-09-18 12:00:34.705,416.0908544267287,99
2024-09-18 12:00:34.746,416.0619997113857,8
2024-09-18 12:00:34.746,416.0639071931597,999
2024-09-18 12:00:34.756,416.0550130326878,102
2024-09-18 12:00:34.764,416.09814968964247,96
2024-09-18 12:00:34.786,416.08795817417695,98
2024-09-18 12:00:34.788,416.0895396865404,1003
2024-09-18 12:00:34.790,416.0614545474076,995
2024-09-18 12:00:34.808,416.1007451660302,13
2024-09-18 12:00:34.849,416.1042368132197,98
2024-09-18 12:00:34.873,416.04052851171,1004
2024-09-18 12:00:35.019,,995
2024-09-18 12:00:35.062,416.0851626740933,105
2024-09-18 12:00:35.080,416.0968893543674,9
2024-09-18 12:00:35.187,416.100142950892,998
2024-09-18 12:00:35.195,416.0982116857331,9
2024-09-18 12:00:35.226,416.08097453335415,997
2024-09-18 12:00:35.252,416.07356754443146,100
2024-09-18 12:00:35.319,416.1252359126895,102
2024-09-18 12:00:35.376,416.089406243053,96
2024-09-18 12:00:35.411,416.0798053263404,1004
2024-09-18 12:00:35.435,416.0678286387937,996
2024-09-18 12:00:35.467,416.05010594008576,11
2024-09-18 12:00:35.490,416.0701386216399,100
2024-09-18 12:00:35.517,416.1078988316695,1000
2024-09-18 12:00:35.548,41.61014562278069,95
2024-09-18 12:00:35.585,416.05537583960125,1002
2024-09-18 12:00:35.655,416.0995790155585,105
2024-09-18 12:00:35.665,416.09730484589625,100
2024-09-18 12:00:35.675,416.0844396396646,105
2024-09-18 12:00:35.689,416.0915346869958,997
2024-09-18 12:00:35.836,416.1235546268311,1000
2024-09-18 12:00:35.886,416.0778273664067,995
2024-09-18 12:00:35.907,416.0784780886888,104
2024-09-18 12:00:35.961,-416.1095129780798,105
2024-09-18 12:00:35.982,416.093428730854,1001
2024-09-18 12:00:35.998,416.1119253521058,7
2024-09-18 12:00:36.087,416.0948765149656,997
2024-09-18 12:00:36.185,416.11423277354834,998
2024-09-18 12:00:36.284,,99
2024-09-18 12:00:36.289,416.0887892547829,12
2024-09-18 12:00:36.340,416.1006355017154,15
2024-09-18 12:00:36.350,416.09713982289423,999
2024-09-18 12:00:36.361,416.0931545839733,10
2024-09-18 12:00:36.429,416.0642380605984,104
2024-09-18 12:00:36.443,416.0958706011574,998
2024-09-18 12:00:36.491,,97
2024-09-18 12:00:36.521,416.0890523372231,105
2024-09-18 12:00:36.556,416.1070403184364,103
2024-09-18 12:00:36.560,416.1074890910011,5
2024-09-18 12:00:36.574,416.1101715987899,105
2024-09-18 12:00:36.651,416.0978383318397,104
2024-09-18 12:00:36.813,416.0914960724086,6
2024-09-18 12:00:36.845,416.1006746466834,14
2024-09-18 12:00:36.921,416.0679663520368,105
2024-09-18 12:00:36.935,416.0880810382868,99
2024-09-18 12:00:36.979,416.0692780300069,14
2024-09-18 12:00:36.999,416.0753750497122,998
2024-09-18 12:00:37.013,416.0941276237402,101
2024-09-18 12:00:37.037,416.1012015063765,10
2024-09-18 12:00:37.095,416.08973749422574,102
2024-09-18 12:00:37.152,416.0963728223897,99
2024-09-18 12:00:37.214,416.11155401086864,995
2024-09-18 12:00:37.333,416.091632445812,10
2024-09-18 12:00:37.484,416.0984787907527,12
2024-09-18 12:00:37.517,416.0993841868289,13
2024-09-18 12:00:37.523,416.1053757047172,1002
2024-09-18 12:00:37.565,416.099274334308,1000
2024-09-18 12:00:37.649,416.0924149651936,11
2024-09-18 12:00:37.687,416.1037986690381,13
2024-09-18 12:00:37.696,416.1134869555339,104
2024-09-18 12:00:37.784,416.11026108277554,7
2024-09-18 12:00:37.806,416.1094326701884,102
2024-09-18 12:00:37.939,416.0878380059914,100
2024-09-18 12:00:38.039,416.1633836001981,10
2024-09-18 12:00:38.054,416.18846832612456,996
2024-09-18 12:00:38.063,416.0985978786607,1005
2024-09-18 12:00:38.185,416.12656379682016,999
2024-09-18 12:00:38.283,416.2302372100932,8
2024-09-18 12:00:38.287,416.1578231031382,1000
2024-09-18 12:00:38.288,416.16242391414886,11
2024-09-18 12:00:38.335,416.1630283918616,100
2024-09-18 12:00:38.390,416.2188750597274,14
2024-09-18 12:00:38.457,416.113491994682,7
2024-09-18 12:00:38.474,416.14094473633605,999
2024-09-18 12:00:38.484,416.1999186078481,100
2024-09-18 12:00:38.495,416.2238462519044,1001
2024-09-18 12:00:38.506,416.231325968761,98
2024-09-18 12:00:38.517,416.2147974672757,1001
2024-09-18 12:00:38.559,416.1918447237181,1000
2024-09-18 12:00:38.569,416.2172624118662,100
2024-09-18 12:00:38.647,416.1183964109849,12
2024-09-18 12:00:38.711,416.1768187286127,998
2024-09-18 12:00:38.751,416.2306738644872,9
2024-09-18 12:00:38.760,416.1594611886195,11
2024-09-18 12:00:38.832,416.1716516903089,1003
2024-09-18 12:00:38.848,416.2070432810553,105
2024-09-18 12:00:38.873,416.2398434934052,7
2024-09-18 12:00:38.929,416.1787738240845,1002
2024-09-18 12:00:38.982,416.1688466156443,998
2024-09-18 12:00:39.001,416.1734801189583,15
2024-09-18 12:00:39.034,416.1768093603068,103
2024-09-18 12:00:39.038,416.2181336502674,9
2024-09-18 12:00:39.045,416.2101160014405,105
2024-09-18 12:00:39.095,416.18779682196487,105
2024-09-18 12:00:39.182,416.2377701265321,103
2024-09-18 12:00:39.258,416.1917027503228,102
2024-09-18 12:00:39.262,416.24681668325775,1005
2024-09-18 12:00:39.306,416.2657361881796,997
2024-09-18 12:00:39.336,416.2002924934532,1003
2024-09-18 12:00:39.344,416.17089459642153,1003
2024-09-18 12:00:39.369,416.17128648917793,1002
2024-09-18 12:00:39.374,416.1668255964733,9
2024-09-18 12:00:39.475,416.1849699650851,103
2024-09-18 12:00:39.510,416.25996203333307,997
2024-09-18 12:00:39.547,416.2064185607285,6
2024-09-18 12:00:39.567,416.1967373358671,1005
2024-09-18 12:00:39.568,416.1596371583275,99
2024-09-18 12:00:39.606,416.1725318814544,1002
2024-09-18 12:00:39.616,416.18064812589455,102
2024-09-18 12:00:39.657,416.18882424432337,5
2024-09-18 12:00:39.755,416.16217636200383,999
2024-09-18 12:00:39.764,416.1899892589393,102
2024-09-18 12:00:39.818,416.1795342564748,104
2024-09-18 12:00:39.913,416.20641302494863,96
2024-09-18 12:00:39.917,416.21725929981335,9
2024-09-18 12:00:39.922,416.1959567831163,1003
2024-09-18 12:00:39.944,416.2445527989759,100
2024-09-18 12:00:40.177,416.2377668056304,12
2024-09-18 12:00:40.459,416.23187528877446,99
2024-09-18 12:00:41.034,416.23431655583255,9
2024-09-18 12:00:41.115,416.23833501930113,15
2024-09-18 12:00:41.117,416.2672026490869,100
2024-09-18 12:00:41.176,416.2219137906486,999
2024-09-18 12:00:41.209,416.2261831208078,1004
2024-09-18 12:00:41.312,416.2583474109101,96
2024-09-18 12:00:41.345,416.23449041716265,13
2024-09-18 12:00:41.549,416.228231791718,1002
2024-09-18 12:00:41.677,416.242502403234,103
2024-09-18 12:00:41.678,416.2427625548431,1002
2024-09-18 12:00:41.694,416.2509761225677,999
2024-09-18 12:00:41.747,416.24896593705415,1002
2024-09-18 12:00:41.829,-416.253547280878,95
2024-09-18 12:00:41.888,416.2369970722402,1005
2024-09-18 12:00:41.903,416.25819873688806,99
2024-09-18 12:00:41.961,416.2344981376424,101
2024-09-18 12:00:42.330,416.25414824552655,998
2024-09-18 12:00:43.034,416.2266032348096,1001
2024-09-18 12:00:43.048,416.20747594619405,1004
2024-09-18 12:00:43.173,416.1887239380373,14
2024-09-18 12:00:43.186,416.20462457920166,99
2024-09-18 12:00:43.206,416.2433857599878,996
2024-09-18 12:00:43.287,416.19814879550114,1001
2024-09-18 12:00:43.345,416.2249065988752,6
2024-09-18 12:00:43.367,416.249430090814,999
2024-09-18 12:00:43.409,416.2058095032875,5
2024-09-18 12:00:43.415,416.1946761893835,996
2024-09-18 12:00:43.432,416.19719164991074,104
2024-09-18 12:00:43.439,416.1963861189748,15
2024-09-18 12:00:43.469,416.1897082892031,997
2024-09-18 12:00:43.532,,104
2024-09-18 12:00:43.597,416.1766756488231,995
2024-09-18 12:00:43.632,416.1941871763168,999
2024-09-18 12:00:43.642,416.20446078493904,995
2024-09-18 12:00:43.677,416.2560468959672,100
2024-09-18 12:00:43.738,416.1934437805356,1004
2024-09-18 12:00:43.761,416.21058078901456,103
2024-09-18 12:00:43.777,416.19923636645854,105
2024-09-18 12:00:44.154,416.2214784579765,100
2024-09-18 12:00:44.181,416.2099634458053,96
2024-09-18 12:00:44.485,416.1843003700291,1005
2024-09-18 12:00:44.601,416.2307445419035,104
2024-09-18 12:00:44.900,416.2179756073646,101
2024-09-18 12:00:44.983,416.24735626171474,1000
2024-09-18 12:00:46.023,416.20309017851065,99
2024-09-18 12:00:46.052,416.1988706950911,1000
2024-09-18 12:00:46.076,416.20381814165233,103
2024-09-18 12:00:46.084,416.2162776974959,6
2024-09-18 12:00:46.127,416.2272317673752,995
2024-09-18 12:00:46.144,416.2124030033599,98
2024-09-18 12:00:46.175,416.2178733800528,999
2024-09-18 12:00:46.202,416.2282716020566,6
2024-09-18 12:00:46.322,416.228084634775,15
2024-09-18 12:00:46.339,416.1825113642102,99
2024-09-18 12:00:46.342,416.2188167378264,100
2024-09-18 12:00:46.378,416.18899008926365,1005
2024-09-18 12:00:46.395,416.20319519536383,99
2024-09-18 12:00:46.413,416.2210629981988,102
2024-09-18 12:00:46.478,416.200829742641,11
2024-09-18 12:00:46.627,416.1860291763842,9
2024-09-18 12:00:46.631,416.2020406160107,1005
2024-09-18 12:00:46.681,416.216930019901,1000
2024-09-18 12:00:46.715,416.2148980381984,95
2024-09-18 12:00:46.758,416.2191437423746,97
2024-09-18 12:00:46.793,416.20980862933794,9
2024-09-18 12:00:46.907,416.1935828838676,1003
2024-09-18 12:00:46.945,416.20766613383415,7
2024-09-18 12:00:46.962,416.1813267412549,99
2024-09-18 12:00:46.990,416.23888844379513,95
2024-09-18 12:00:47.029,-416.2563722933194,105
2024-09-18 12:00:47.049,416.2508288900732,995
2024-09-18 12:00:47.062,416.2348656434919,12
2024-09-18 12:00:47.146,416.2413773184396,995
2024-09-18 12:00:47.213,416.2607579355553,10
2024-09-18 12:00:47.268,416.2062992668712,12
2024-09-18 12:00:47.274,416.2287777399357,12
2024-09-18 12:00:47.441,416.2665652761394,15
2024-09-18 12:00:47.466,416.2173807945428,10
2024-09-18 12:00:47.468,416.1894180021173,96
2024-09-18 12:00:47.560,416.2310315184919,998
2024-09-18 12:00:47.593,416.26988774509385,103
2024-09-18 12:00:47.649,416.24181287404,11
2024-09-18 12:00:47.691,416.24459353983343,999
2024-09-18 12:00:47.737,416.1893503518519,97
2024-09-18 12:00:47.768,416.1860520827688,999
2024-09-18 12:00:47.780,416.2339655116804,105
2024-09-18 12:00:47.798,416.23595653780205,1000
2024-09-18 12:00:47.945,416.22681075436753,11
2024-09-18 12:00:47.961,416.2416084623816,12
2024-09-18 12:00:48.009,416.2394900925689,1004
2024-09-18 12:00:48.048,416.1848112395935,6
2024-09-18 12:00:48.126,416.23862330969007,1003
2024-09-18 12:00:48.146,416.2436456102413,995
2024-09-18 12:00:48.275,416.19332720325616,1005
2024-09-18 12:00:48.341,416.1713166035568,997
2024-09-18 12:00:48.427,416.2200961049135,100
2024-09-18 12:00:48.434,416.2392942218245,998
2024-09-18 12:00:48.507,416.2212342851659,1003
2024-09-18 12:00:48.539,416.21696626687134,15
2024-09-18 12:00:48.545,416.2291903086284,997
2024-09-18 12:00:48.563,416.234527334241,998
2024-09-18 12:00:48.565,416.2483968691981,1003
2024-09-18 12:00:48.670,416.2241064265482,13
2024-09-18 12:00:48.700,416.217115053093,105
2024-09-18 12:00:48.789,416.1697760651069,998
2024-09-18 12:00:48.801,416.2416819418977,1005
2024-09-18 12:00:48.871,416.21212087451306,102
2024-09-18 12:00:48.922,416.2472648200383,9
2024-09-18 12:00:48.937,416.189589953009,1002
2024-09-18 12:00:48.986,416.1894882718558,5
2024-09-18 12:00:49.012,416.2364194685519,1005
2024-09-18 12:00:49.042,416.221723725236,997
2024-09-18 12:00:49.243,416.1707330597697,103
2024-09-18 12:00:49.333,416.2149580973176,1003
2024-09-18 12:00:49.344,416.2034901237362,105
2024-09-18 12:00:49.429,416.2413732491208,98
2024-09-18 12:00:49.484,416.2087940298906,100
2024-09-18 12:00:49.572,416.2149345760174,95
2024-09-18 12:00:49.627,416.17349826367,96
2024-09-18 12:00:49.671,416.210521045024,9
2024-09-18 12:00:49.794,416.208301697866,998
2024-09-18 12:00:49.865,416.1893471702945,102
2024-09-18 12:00:49.892,416.2385626013911,13
2024-09-18 12:00:49.923,416.1751172842773,997
2024-09-18 12:00:50.168,416.2141161102941,102
2024-09-18 12:00:50.198,416.1976133969999,97
2024-09-18 12:00:50.217,,105
2024-09-18 12:00:51.088,416.22345770721546,101
2024-09-18 12:00:51.120,416.22882419119,1000
2024-09-18 12:00:51.428,416.1979609575278,96
2024-09-18 12:00:51.857,416.2016286669016,105
2024-09-18 12:00:51.871,416.205136720123,6
2024-09-18 12:00:52.018,416.2720351183872,1001
2024-09-18 12:00:52.144,416.2728214875388,996
2024-09-18 12:00:52.154,416.2644271675611,105
2024-09-18 12:00:52.278,416.2499486039183,9
2024-09-18 12:00:52.315,416.285573855742,9
2024-09-18 12:00:52.323,416.2657164166415,103
2024-09-18 12:00:52.360,416.2581713228636,97
2024-09-18 12:00:52.448,416.2752076499956,98
2024-09-18 12:00:52.501,416.262447301032,1004
2024-09-18 12:00:52.562,416.3342782339424,11
2024-09-18 12:00:52.570,416.3208127981833,1004
2024-09-18 12:00:52.653,416.2945805735981,996
2024-09-18 12:00:52.693,416.2566557853386,995
2024-09-18 12:00:52.802,416.2973641539701,1005
2024-09-18 12:00:52.811,416.2788650061274,15
2024-09-18 12:00:52.855,416.2526027825333,105
2024-09-18 12:00:52.959,416.2879447286991,995
2024-09-18 12:00:52.960,416.26555186594135,9
2024-09-18 12:00:52.965,416.2970596005697,105
2024-09-18 12:00:52.979,416.2425720503797,995
2024-09-18 12:00:53.077,416.3829653037653,11
2024-09-18 12:00:53.087,416.3713270004085,8
2024-09-18 12:00:53.203,416.3794374086468,1005
2024-09-18 12:00:53.300,416.3729424567812,1000
2024-09-18 12:00:53.401,416.34660203823233,99
2024-09-18 12:00:53.431,416.3858596205565,14
2024-09-18 12:00:53.467,416.37479273307736,5
2024-09-18 12:00:53.657,416.36375258173297,1001
2024-09-18 12:00:53.729,416.38121824335855,6
2024-09-18 12:00:53.738,416.37829699039855,998
2024-09-18 12:00:53.786,,7
2024-09-18 12:00:53.945,416.3436022769431,15
2024-09-18 12:00:54.000,416.4231061387508,12
2024-09-18 12:00:54.016,416.42715596422727,6
2024-09-18 12:00:54.034,416.4039168178843,995
2024-09-18 12:00:54.049,416.3935810812858,13
2024-09-18 12:00:54.072,416.4068913151497,1003
2024-09-18 12:00:54.184,416.4389675333295,11
2024-09-18 12:00:54.185,416.4042761715032,12
2024-09-18 12:00:54.233,416.440809344184,104
2024-09-18 12:00:54.263,416.4181789616344,15
2024-09-18 12:00:54.274,416.4087138156561,100
2024-09-18 12:00:54.301,41.64163195085011,12
2024-09-18 12:00:54.369,416.4127422441154,998
2024-09-18 12:00:54.375,416.4121554345383,997
2024-09-18 12:00:54.381,416.4114298306951,105
2024-09-18 12:00:54.410,416.409284173242,102
2024-09-18 12:00:54.530,416.4442862307409,97
2024-09-18 12:00:54.559,416.4114531362623,6
2024-09-18 12:00:54.585,416.42120920432814,9
2024-09-18 12:00:54.588,416.4150207721692,1005
2024-09-18 12:00:54.717,416.4033268213584,9
2024-09-18 12:00:54.731,416.43168579910014,15
2024-09-18 12:00:54.775,416.41846583068434,13
2024-09-18 12:00:54.780,416.4143793891287,95
2024-09-18 12:00:54.810,416.440396197225,6
2024-09-18 12:00:54.859,416.4183248785693,12
2024-09-18 12:00:54.931,416.4287885355921,995
2024-09-18 12:00:54.957,416.4217536028672,104
2024-09-18 12:00:54.964,416.4187297842555,996
2024-09-18 12:00:55.018,416.4746212320333,1005
2024-09-18 12:00:55.066,416.4387023269535,997
2024-09-18 12:00:55.100,416.4737734327695,8
2024-09-18 12:00:55.117,416.44796640658313,1001
2024-09-18 12:00:55.172,416.46307167371,7
2024-09-18 12:00:55.201,416.52497663114974,15
2024-09-18 12:00:55.254,416.4484884772304,6
2024-09-18 12:00:55.300,416.45355631459984,1001
2024-09-18 12:00:55.323,416.4574718353625,95
2024-09-18 12:00:55.356,-416.5090124403203,11
2024-09-18 12:00:55.398,416.4584403516656,97
2024-09-18 12:00:55.405,416.471336966186,997
2024-09-18 12:00:55.542,416.4538539222704,999
2024-09-18 12:00:55.614,416.4554326387651,1004
2024-09-18 12:00:55.685,416.4925165284322,103
2024-09-18 12:00:55.703,416.4730862062274,98
2024-09-18 12:00:55.718,416.4461075615987,997
2024-09-18 12:00:55.732,416.47941377722407,95
2024-09-18 12:00:55.799,416.46339489039207,9
2024-09-18 12:00:55.805,416.4775098860409,996
2024-09-18 12:00:55.822,416.4888159961875,102
2024-09-18 12:00:55.824,416.4697919013273,99
2024-09-18 12:00:55.833,416.49644531234674,11
2024-09-18 12:00:55.887,416.4877397830567,1004
2024-09-18 12:00:55.889,416.4621698445163,102
2024-09-18 12:00:55.894,416.45255620151136,11
2024-09-18 12:00:56.094,416.5486924364764,5
2024-09-18 12:00:56.104,416.55742237151696,105
2024-09-18 12:00:56.129,416.555784146364,1005
2024-09-18 12:00:56.256,416.5040458723283,1005
2024-09-18 12:00:56.260,416.5487953173106,98
2024-09-18 12:00:56.270,416.53457501791536,102
2024-09-18 12:00:56.336,416.53683129384086,11
2024-09-18 12:00:56.461,416.5158074932685,9
2024-09-18 12:00:56.476,416.5135412284317,95
2024-09-18 12:00:56.518,416.5083877518943,103
2024-09-18 12:00:56.524,416.552127000836,1001
2024-09-18 12:00:56.544,416.54775532515504,100
2024-09-18 12:00:56.596,416.54151180981466,1003
2024-09-18 12:00:56.680,416.5177846203933,1005
2024-09-18 12:00:56.719,416.50180186643536,104
2024-09-18 12:00:56.736,416.5076698177546,97
2024-09-18 12:00:56.788,416.50338381924297,102
2024-09-18 12:00:56.798,416.50083069614647,1000
2024-09-18 12:00:56.898,416.5279238396154,100
2024-09-18 12:00:56.930,416.5420574181385,1005
2024-09-18 12:00:56.959,416.49303052474727,8
2024-09-18 12:00:56.974,416.5560740382441,1004
2024-09-18 12:00:57.297,416.5558874070293,995
2024-09-18 12:00:57.371,416.5203587201577,1002
2024-09-18 12:00:57.426,416.5205947834844,1002
2024-09-18 12:00:57.535,416.5275279073082,9
2024-09-18 12:00:57.548,416.55439181446826,1000
2024-09-18 12:00:57.562,416.5144458842949,8
2024-09-18 12:00:57.586,416.51569684986026,6
2024-09-18 12:00:57.665,416.5170881830125,10
2024-09-18 12:00:57.787,416.51979661435377,11
2024-09-18 12:00:57.798,416.51730104542906,7
2024-09-18 12:00:57.918,416.5217937965549,104
2024-09-18 12:00:57.935,416.52343423110943,1005
2024-09-18 12:00:58.028,416.6196572638847,105
2024-09-18 12:00:58.051,416.605225963278,1003
2024-09-18 12:00:58.071,416.59098104152014,996
2024-09-18 12:00:58.115,416.5934218843614,9
2024-09-18 12:00:58.157,416.59854989419847,98
2024-09-18 12:00:58.242,416.57957490092207,8
2024-09-18 12:00:58.248,416.5742139453239,13
2024-09-18 12:00:58.361,416.578205364441,996
2024-09-18 12:00:58.456,416.5638669417064,103
2024-09-18 12:00:58.470,416.5858831404521,999
2024-09-18 12:00:58.535,416.5917112136973,96
2024-09-18 12:00:58.540,416.5902611636564,6
2024-09-18 12:00:58.644,-416.5687219490916,15
2024-09-18 12:00:58.687,416.5857924915928,995
2024-09-18 12:00:58.732,416.6155233635628,1003
2024-09-18 12:00:58.744,416.6064252879535,12
2024-09-18 12:00:58.768,416.5668721957543,1002
2024-09-18 12:00:58.860,416.56760846653424,997
