Timestamp,Price,Size
2024-09-19 11:50:00.051,421.5580185166516,101
2024-09-19 11:50:00.093,421.5578614166392,101
2024-09-19 11:50:00.106,421.5476759919913,15
2024-09-19 11:50:00.112,421.5595007916786,101
2024-09-19 11:50:00.285,421.5309294519653,998
2024-09-19 11:50:00.354,421.5425501071015,999
2024-09-19 11:50:00.427,421.54077860573545,10
2024-09-19 11:50:00.449,421.56752217831183,105
2024-09-19 11:50:00.536,421.5216125945316,7
2024-09-19 11:50:00.569,421.5710376557122,13
2024-09-19 11:50:00.650,421.5599169230401,102
2024-09-19 11:50:00.686,421.54558423998986,99
2024-09-19 11:50:00.690,421.5550522336558,100
2024-09-19 11:50:00.696,421.5488184249783,101
2024-09-19 11:50:00.732,421.5668760525581,9
2024-09-19 11:50:00.751,421.5563676002772,9
2024-09-19 11:50:00.841,421.5552701295996,15
2024-09-19 11:50:00.843,421.56290569957497,1003
2024-09-19 11:50:00.890,421.5663884272491,100
2024-09-19 11:50:00.894,,999
2024-09-19 11:50:00.899,421.546934773181,1002
2024-09-19 11:50:00.924,421.5477803465967,11
2024-09-19 11:50:00.941,421.5687125962584,103
2024-09-19 11:50:01.011,421.51762504671177,9
2024-09-19 11:50:01.052,421.4697278736412,7
2024-09-19 11:50:01.068,421.5076834259936,1001
2024-09-19 11:50:01.100,421.52860636426266,99
2024-09-19 11:50:01.155,421.51022835452,995
2024-09-19 11:50:01.210,421.4564480052682,11
2024-09-19 11:50:01.215,421.53071593326274,998
2024-09-19 11:50:01.257,421.4959115734528,9
2024-09-19 11:50:01.265,421.4675660735017,1001
2024-09-19 11:50:01.266,421.4917160506837,995
2024-09-19 11:50:01.350,421.5025306899576,15
2024-09-19 11:50:01.367,421.5030527287208,1003
2024-09-19 11:50:01.370,421.5067281815743,13
2024-09-19 11:50:01.442,421.4985682861704,104
2024-09-19 11:50:01.483,421.528841257192,12
2024-09-19 11:50:01.604,421.4965534461622,995
2024-09-19 11:50:01.719,421.5037544171728,1002
2024-09-19 11:50:01.719,421.5562691478119,103
2024-09-19 11:50:01.749,421.48747524264735,7
2024-09-19 11:50:01.793,421.4869572874979,96
2024-09-19 11:50:01.811,421.47966209533183,995
2024-09-19 11:50:01.867,421.4665464741363,6
2024-09-19 11:50:01.883,421.49244876948507,12
2024-09-19 11:50:01.884,421.5160024053582,102
2024-09-19 11:50:01.904,421.4818978170557,7
2024-09-19 11:50:01.928,421.4892824436789,11
2024-09-19 11:50:01.985,421.4657213332192,12
2024-09-19 11:50:02.066,421.50451531641545,1001
2024-09-19 11:50:02.099,421.4893232240402,5
2024-09-19 11:50:02.191,421.5127095458396,999
2024-09-19 11:50:02.228,421.4656613062761,8
2024-09-19 11:50:02.231,421.4552884194692,104
2024-09-19 11:50:02.241,421.4706980833938,12
2024-09-19 11:50:02.249,421.5217029459023,104
2024-09-19 11:50:02.366,421.4964938535056,5
2024-09-19 11:50:02.481,421.5052850432262,101
2024-09-19 11:50:02.484,421.4818278340607,9
2024-09-19 11:50:02.521,421.4912067570217,99
2024-09-19 11:50:02.581,421.48900227924366,1004
2024-09-19 11:50:02.611,421.4613650140976,13
2024-09-19 11:50:02.613,421.4894731930954,997
2024-09-19 11:50:02.694,421.5024046523476,1005
2024-09-19 11:50:02.699,421.5066561511805,101
2024-09-19 11:50:02.722,421.5155070489606,98
2024-09-19 11:50:02.852,421.4988050272205,104
2024-09-19 11:50:02.871,421.4654328569245,1002
2024-09-19 11:50:02.902,421.54215634587536,102
2024-09-19 11:50:02.921,421.47426145385134,1005
2024-09-19 11:50:02.953,421.4827602439092,1000
2024-09-19 11:50:03.172,421.4726267878648,997
2024-09-19 11:50:03.178,421.48618313356735,11
2024-09-19 11:50:03.533,421.47797536011615,14
2024-09-19 11:50:03.567,421.525731171913,996
2024-09-19 11:50:03.933,421.4680611195422,97
2024-09-19 11:50:03.969,421.52687716154907,14
2024-09-19 11:50:04.561,421.4680555083571,998
2024-09-19 11:50:05.048,421.47150291170703,103
2024-09-19 11:50:05.404,421.46684568437246,11
2024-09-19 11:50:05.439,421.4572370458506,997
2024-09-19 11:50:05.562,421.4691232592296,995
2024-09-19 11:50:05.567,421.431660663219,996
2024-09-19 11:50:05.713,421.4777684003295,96
2024-09-19 11:50:05.821,421.4603568934658,1003
2024-09-19 11:50:06.034,421.4279723218278,100
2024-09-19 11:50:06.253,421.42969571696113,104
2024-09-19 11:50:06.562,421.4009445324941,999
2024-09-19 11:50:06.636,421.4121428521064,998
2024-09-19 11:50:06.668,421.4052922828281,1002
2024-09-19 11:50:06.776,421.4177145381878,99
2024-09-19 11:50:06.845,421.4179376994164,7
2024-09-19 11:50:06.893,421.413164246068,105
2024-09-19 11:50:07.023,421.3997076960395,1005
2024-09-19 11:50:07.062,421.4263378355761,9
2024-09-19 11:50:07.123,421.4172768904549,6
2024-09-19 11:50:07.124,421.3864587826322,5
2024-09-19 11:50:07.159,421.3901025853348,5
2024-09-19 11:50:07.168,421.4041100852317,13
2024-09-19 11:50:07.172,,15
2024-09-19 11:50:07.179,421.4186947048673,13
2024-09-19 11:50:07.241,421.3858957733408,10
2024-09-19 11:50:07.261,421.4176124123327,1002
2024-09-19 11:50:07.268,421.4299886063178,14
2024-09-19 11:50:07.378,421.394033151999,996
2024-09-19 11:50:07.403,421.3980972541091,98
2024-09-19 11:50:07.499,421.39464079810654,95
2024-09-19 11:50:07.500,421.40925588209024,103
2024-09-19 11:50:07.522,421.4052713716519,996
2024-09-19 11:50:07.621,421.3998943261711,13
2024-09-19 11:50:07.675,421.4154930376877,1005
2024-09-19 11:50:07.748,421.40284561069,97
2024-09-19 11:50:07.759,421.4382621409208,997
2024-09-19 11:50:07.767,421.41288827856215,6
2024-09-19 11:50:07.796,421.4171291581184,14
2024-09-19 11:50:07.940,421.4113510332752,9
2024-09-19 11:50:07.951,421.4167649404234,8
2024-09-19 11:50:08.007,421.3377172974523,95
2024-09-19 11:50:08.013,421.343756504285,15
2024-09-19 11:50:08.025,421.3931774122337,97
2024-09-19 11:50:08.031,421.3605575535085,100
2024-09-19 11:50:08.141,421.3719464416076,100
2024-09-19 11:50:08.198,421.32918629038863,105
2024-09-19 11:50:08.208,421.34517593249984,6
2024-09-19 11:50:08.216,421.3846028571607,101
2024-09-19 11:50:08.264,421.37531301348565,1002
2024-09-19 11:50:08.444,421.37810832098927,997
2024-09-19 11:50:08.475,421.3186978894071,95
2024-09-19 11:50:08.479,421.325633514399,101
2024-09-19 11:50:08.496,421.3286174451542,1000
2024-09-19 11:50:08.508,421.3735283631179,96
2024-09-19 11:50:08.509,421.3892334969452,999
2024-09-19 11:50:08.511,421.34165956481576,999
2024-09-19 11:50:08.516,421.3795441361717,15
2024-09-19 11:50:08.536,421.3474904204452,12
2024-09-19 11:50:08.537,421.3509992022439,104
2024-09-19 11:50:08.619,421.3167806964702,97
2024-09-19 11:50:08.744,421.3950120911337,96
2024-09-19 11:50:08.880,421.3408087798944,995
2024-09-19 11:50:08.889,421.3717599714297,8
2024-09-19 11:50:08.932,421.32714787466,104
2024-09-19 11:50:08.951,421.3562951539204,10
2024-09-19 11:50:09.032,421.3204838863726,1000
2024-09-19 11:50:09.045,421.3485937386167,1004
2024-09-19 11:50:09.134,421.3612765451852,14
2024-09-19 11:50:09.153,421.38759481377474,97
2024-09-19 11:50:09.202,421.38886875555534,7
2024-09-19 11:50:09.218,421.3876760505425,103
2024-09-19 11:50:09.251,421.301540646699,99
2024-09-19 11:50:09.260,421.2973527969655,997
2024-09-19 11:50:09.262,421.3443406550505,97
2024-09-19 11:50:09.397,421.3378286361824,996
2024-09-19 11:50:09.400,421.3901014432015,103
2024-09-19 11:50:09.510,421.35038024612766,995
2024-09-19 11:50:09.548,421.3580270205065,997
2024-09-19 11:50:09.587,421.40611902488416,6
2024-09-19 11:50:09.596,421.3486152781615,1005
2024-09-19 11:50:09.617,421.3487684238268,7
2024-09-19 11:50:09.702,421.394871861352,95
2024-09-19 11:50:09.706,421.3419345499495,1000
2024-09-19 11:50:09.788,421.3806695817222,12
2024-09-19 11:50:09.795,421.3487885436283,13
2024-09-19 11:50:09.814,421.3487706889882,5
2024-09-19 11:50:09.849,421.352750030901,1001
2024-09-19 11:50:09.867,421.3161907381301,7
2024-09-19 11:50:09.870,421.3957388398256,104
2024-09-19 11:50:09.884,,999
2024-09-19 11:50:09.917,421.3808332776351,8
2024-09-19 11:50:09.977,421.3138904814123,1005
2024-09-19 11:50:10.340,421.4034301345277,14
2024-09-19 11:50:10.550,421.4026798192213,105
2024-09-19 11:50:10.637,421.4160601224688,1003
2024-09-19 11:50:10.729,421.39285524479175,1005
2024-09-19 11:50:11.021,421.4095576732425,11
2024-09-19 11:50:11.062,421.390788881131,1003
2024-09-19 11:50:11.175,421.3908667028674,99
2024-09-19 11:50:11.194,421.4042227297275,9
2024-09-19 11:50:11.204,421.4109376430603,5
2024-09-19 11:50:11.258,421.4013695971651,12
2024-09-19 11:50:11.333,421.41842556955527,103
2024-09-19 11:50:11.391,421.4002775432112,998
2024-09-19 11:50:11.401,421.4276095079269,1000
2024-09-19 11:50:11.685,421.3841283847048,1002
2024-09-19 11:50:11.703,421.41058982027,13
2024-09-19 11:50:11.791,421.41327097208654,1000
2024-09-19 11:50:11.844,421.4043808103881,5
2024-09-19 11:50:11.925,421.4075571273424,1003
2024-09-19 11:50:12.122,421.37985058489977,9
2024-09-19 11:50:12.167,421.3807451055924,1003
2024-09-19 11:50:12.265,421.3280091280513,10
2024-09-19 11:50:12.273,421.37801600201146,8
2024-09-19 11:50:12.296,421.3861635002096,997
2024-09-19 11:50:12.398,421.3472305122596,100
2024-09-19 11:50:12.470,421.3743699931116,997
2024-09-19 11:50:12.501,,998
2024-09-19 11:50:12.508,421.3426441095205,105
2024-09-19 11:50:12.563,421.3487609545677,1004
2024-09-19 11:50:12.645,421.3547680135971,6
2024-09-19 11:50:12.765,421.38576285936085,101
2024-09-19 11:50:12.788,-421.3440388527791,5
2024-09-19 11:50:12.822,421.3664604718834,98
2024-09-19 11:50:12.828,421.3718905109255,1003
2024-09-19 11:50:12.863,421.3489718063041,1000
2024-09-19 11:50:12.943,-421.3408004397364,9
2024-09-19 11:50:12.973,421.3553477307067,995
2024-09-19 11:50:13.017,421.4497949111747,999
2024-09-19 11:50:13.046,421.40468400450834,1005
2024-09-19 11:50:13.103,421.4709428711605,10
2024-09-19 11:50:13.284,421.3902300317277,995
2024-09-19 11:50:13.328,421.3757236079023,995
2024-09-19 11:50:13.362,421.4882870198189,15
2024-09-19 11:50:13.381,421.4641300377475,999
2024-09-19 11:50:13.421,421.4734526167219,95
2024-09-19 11:50:13.435,421.4411760481301,998
2024-09-19 11:50:13.460,421.407901603688,102
2024-09-19 11:50:13.463,421.4539469535378,14
2024-09-19 11:50:13.531,421.40025101470405,995
2024-09-19 11:50:13.600,421.4553336987616,7
2024-09-19 11:50:13.606,421.4071869270005,102
2024-09-19 11:50:13.617,421.4031832865487,8
2024-09-19 11:50:13.630,421.4505684472584,6
2024-09-19 11:50:13.635,421.43311718050313,102
2024-09-19 11:50:13.638,421.4131089519589,11
2024-09-19 11:50:13.649,421.4005705462742,15
2024-09-19 11:50:13.709,421.4851143084032,8
2024-09-19 11:50:13.726,421.4024289738187,1005
2024-09-19 11:50:13.743,421.4749611008529,9
2024-09-19 11:50:13.804,421.4749307133641,1000
2024-09-19 11:50:13.878,421.46715808708456,10
2024-09-19 11:50:13.886,421.3791984298416,101
2024-09-19 11:50:13.910,421.45107474275386,103
2024-09-19 11:50:13.934,421.3608796989233,7
2024-09-19 11:50:13.945,421.46006825144445,1003
2024-09-19 11:50:14.044,421.4174687810085,95
2024-09-19 11:50:14.154,421.3738028570054,9
2024-09-19 11:50:14.163,421.3929147734995,9
2024-09-19 11:50:14.174,421.3806803757876,105
2024-09-19 11:50:14.181,421.4324274126323,102
2024-09-19 11:50:14.205,421.4604530329231,7
2024-09-19 11:50:14.268,421.36525405224137,6
2024-09-19 11:50:14.271,421.3980692330764,101
2024-09-19 11:50:14.323,421.38884915513495,95
2024-09-19 11:50:14.379,421.3876328585984,15
2024-09-19 11:50:14.410,421.3982363121543,5
2024-09-19 11:50:14.494,421.3955662888762,996
2024-09-19 11:50:14.502,421.3847182753784,995
2024-09-19 11:50:14.581,421.4175893065454,9
2024-09-19 11:50:14.700,421.42012167946086,1001
2024-09-19 11:50:14.794,421.4398297639187,1001
2024-09-19 11:50:14.895,421.38727132841376,6
2024-09-19 11:50:14.946,421.4039365769408,97
2024-09-19 11:50:15.027,421.3697788447608,998
2024-09-19 11:50:15.140,421.3930030857615,9
2024-09-19 11:50:15.407,421.3646578957214,101
2024-09-19 11:50:15.428,421.3807913655038,9
2024-09-19 11:50:15.533,421.3724100105862,104
2024-09-19 11:50:15.540,421.35702075732326,12
2024-09-19 11:50:15.560,421.3850378098527,997
2024-09-19 11:50:15.720,421.39406744003367,7
2024-09-19 11:50:15.728,421.3712855512995,101
2024-09-19 11:50:15.752,,1000
2024-09-19 11:50:15.824,421.362166463317,10
2024-09-19 11:50:15.936,421.4082802362548,99
2024-09-19 11:50:16.058,421.3920938158341,14
2024-09-19 11:50:16.204,421.3819561090716,98
2024-09-19 11:50:16.287,421.372530792008,101
2024-09-19 11:50:16.321,421.3841437150337,101
2024-09-19 11:50:16.423,421.40790401889785,997
2024-09-19 11:50:16.461,421.3756186597682,996
2024-09-19 11:50:16.531,421.44412577420405,102
2024-09-19 11:50:16.744,421.3993376104695,996
2024-09-19 11:50:16.760,421.3902335656977,102
2024-09-19 11:50:16.897,421.3904486810424,15
2024-09-19 11:50:16.906,421.4198716689435,10
2024-09-19 11:50:16.944,421.4064192932371,1005
2024-09-19 11:50:17.010,421.4401394081667,103
2024-09-19 11:50:17.224,421.46075023350016,1005
2024-09-19 11:50:17.227,421.4526783448042,995
2024-09-19 11:50:17.790,421.460328540493,99
2024-09-19 11:50:17.793,421.4296101453636,1004
2024-09-19 11:50:18.006,421.4106705861406,8
2024-09-19 11:50:18.058,421.41534198632127,997
2024-09-19 11:50:18.081,421.3741422502093,101
2024-09-19 11:50:18.157,421.4237678543071,101
2024-09-19 11:50:18.164,421.3824961061616,99
2024-09-19 11:50:18.201,421.37922107977073,1001
2024-09-19 11:50:18.239,421.4478117466634,98
2024-09-19 11:50:18.241,421.4224274186832,999
2024-09-19 11:50:18.242,421.4364957912895,6
2024-09-19 11:50:18.384,421.4536503555639,95
2024-09-19 11:50:18.400,421.3865307837565,1002
2024-09-19 11:50:18.409,421.4495031255063,103
2024-09-19 11:50:18.509,421.4583119224999,6
2024-09-19 11:50:18.566,421.38256443887377,13
2024-09-19 11:50:18.577,421.4006318413881,96
2024-09-19 11:50:18.685,421.39692028930415,11
2024-09-19 11:50:18.686,421.4421006742292,96
2024-09-19 11:50:18.708,421.4097347638176,995
2024-09-19 11:50:18.719,421.39673201951615,1000
2024-09-19 11:50:18.722,421.4015438224156,12
2024-09-19 11:50:18.722,421.4286735348691,6
2024-09-19 11:50:18.772,421.4133113590869,102
2024-09-19 11:50:18.814,421.37844554233743,105
2024-09-19 11:50:18.864,421.4584022301855,101
2024-09-19 11:50:18.887,421.4624728892289,9
2024-09-19 11:50:18.900,421.4011137169022,101
2024-09-19 11:50:18.937,421.4379303794135,996
2024-09-19 11:50:18.944,421.3943184819467,9
2024-09-19 11:50:18.975,421.4431720051001,100
2024-09-19 11:50:20.071,421.4265512427009,95
2024-09-19 11:50:20.355,421.4283573417862,12
2024-09-19 11:50:20.474,421.4215830620306,9
2024-09-19 11:50:20.485,421.42857905758063,9
2024-09-19 11:50:20.509,421.4037261298051,95
2024-09-19 11:50:20.513,421.3980260573182,11
2024-09-19 11:50:20.766,421.4393160513209,11
2024-09-19 11:50:20.846,421.4187049830684,98
2024-09-19 11:50:20.962,421.41214870224775,997
2024-09-19 11:50:21.038,421.4339423445504,998
2024-09-19 11:50:21.148,421.40576835474,13
2024-09-19 11:50:21.166,421.3851016833598,1003
2024-09-19 11:50:21.172,421.437410113858,10
2024-09-19 11:50:21.272,421.3917315134056,998
2024-09-19 11:50:21.318,421.4192841659138,6
2024-09-19 11:50:21.343,421.4137238660181,100
2024-09-19 11:50:21.367,421.4785236186937,103
2024-09-19 11:50:21.372,421.40756831836046,14
2024-09-19 11:50:21.395,421.3983389313104,10
2024-09-19 11:50:21.404,421.3839434652778,1005
2024-09-19 11:50:21.483,421.44510922605457,98
2024-09-19 11:50:21.559,421.42945787276807,12
2024-09-19 11:50:21.568,421.4868121412519,9
2024-09-19 11:50:21.639,421.470116815672,998
2024-09-19 11:50:21.694,421.3803959806835,995
2024-09-19 11:50:21.702,421.4462245663021,104
2024-09-19 11:50:21.719,421.4266692108304,996
2024-09-19 11:50:21.752,421.4181496412664,101
2024-09-19 11:50:21.808,421.4172727439295,5
2024-09-19 11:50:21.816,421.4453392518647,9
2024-09-19 11:50:21.850,421.38641879336245,6
2024-09-19 11:50:21.858,421.3957662527199,1004
2024-09-19 11:50:21.893,421.4422694337832,1000
2024-09-19 11:50:21.958,421.44560398855486,5
2024-09-19 11:50:21.990,421.4371134544314,1002
2024-09-19 11:50:22.054,42.149424500063176,8
2024-09-19 11:50:22.109,421.47289314797774,11
2024-09-19 11:50:22.121,421.4746691174247,1000
2024-09-19 11:50:22.174,421.46965330146463,11
2024-09-19 11:50:22.241,421.4794436627348,96
2024-09-19 11:50:22.263,421.4810333224183,6
2024-09-19 11:50:22.341,421.4934029629656,996
2024-09-19 11:50:22.357,421.4756909560507,995
2024-09-19 11:50:22.407,421.4626432902744,14
2024-09-19 11:50:22.435,421.4613525536685,95
2024-09-19 11:50:22.518,421.5145264492001,10
2024-09-19 11:50:22.540,421.4840040171867,1005
2024-09-19 11:50:22.558,421.497826368458,995
2024-09-19 11:50:22.566,42.14819167918829,1003
2024-09-19 11:50:22.572,421.4869648458865,8
2024-09-19 11:50:22.607,421.4926655326872,1000
2024-09-19 11:50:22.645,421.4784130098035,7
2024-09-19 11:50:22.659,421.4862387315728,11
2024-09-19 11:50:22.667,421.5106282060741,9
2024-09-19 11:50:22.673,421.4922492319124,1004
2024-09-19 11:50:22.731,421.480823439724,101
2024-09-19 11:50:22.808,421.4579962487382,13
2024-09-19 11:50:22.810,421.4830275692554,12
2024-09-19 11:50:22.908,421.4877612666315,100
2024-09-19 11:50:23.048,421.53930578901605,15
2024-09-19 11:50:23.085,421.52310202821707,998
2024-09-19 11:50:23.329,421.53970656044817,1001
2024-09-19 11:50:23.413,421.52613174780765,95
2024-09-19 11:50:23.897,421.5325977308405,98
2024-09-19 11:50:24.015,421.53923785096106,14
2024-09-19 11:50:24.032,421.58714938110097,1001
2024-09-19 11:50:24.081,421.5437829543265,104
2024-09-19 11:50:24.097,421.5759912826505,100
2024-09-19 11:50:24.164,421.5301069855596,1002
2024-09-19 11:50:24.182,421.5280636208857,10
2024-09-19 11:50:24.195,421.55614795519335,1001
2024-09-19 11:50:24.201,421.5254869491442,103
2024-09-19 11:50:24.202,421.5804389739579,12
2024-09-19 11:50:24.217,421.5423972009804,98
2024-09-19 11:50:24.221,421.56961712974834,1005
2024-09-19 11:50:24.245,421.5554891396288,996
2024-09-19 11:50:24.303,421.5851928941413,999
2024-09-19 11:50:24.323,421.5203895706709,5
2024-09-19 11:50:24.458,,103
2024-09-19 11:50:24.608,421.52006190997673,1004
2024-09-19 11:50:24.659,421.5474929099629,997
2024-09-19 11:50:24.689,421.5180620955468,13
2024-09-19 11:50:24.722,421.5057868633746,101
2024-09-19 11:50:24.818,-421.5169802062823,102
2024-09-19 11:50:24.830,421.5175778643017,8
2024-09-19 11:50:24.833,421.5315893209168,7
2024-09-19 11:50:24.873,421.5768989705537,96
2024-09-19 11:50:24.909,421.4971764594133,103
2024-09-19 11:50:25.173,421.5172982390275,9
2024-09-19 11:50:25.186,421.5275146818407,100
2024-09-19 11:50:26.230,421.5386028696936,104
2024-09-19 11:50:26.285,421.53639378110006,98
2024-09-19 11:50:26.367,421.44156642088376,97
2024-09-19 11:50:26.376,421.4649047776737,8
2024-09-19 11:50:26.389,421.5273311005326,96
2024-09-19 11:50:26.413,421.4366169825623,997
2024-09-19 11:50:26.428,421.451385892545,1001
2024-09-19 11:50:26.431,421.4644025802037,103
2024-09-19 11:50:26.471,421.5108704608568,12
2024-09-19 11:50:26.511,421.5214289918782,11
2024-09-19 11:50:26.527,421.4995243207204,1003
2024-09-19 11:50:26.572,421.5110160840823,97
2024-09-19 11:50:26.593,421.5300668615342,15
2024-09-19 11:50:26.601,421.50804398069926,97
2024-09-19 11:50:26.679,421.5388208340469,14
2024-09-19 11:50:26.685,421.4152114636697,100
2024-09-19 11:50:26.743,421.4962860583013,98
2024-09-19 11:50:26.765,421.4606658360886,9
2024-09-19 11:50:26.785,421.4638162211735,5
2024-09-19 11:50:26.799,421.54338199890407,999
2024-09-19 11:50:26.873,421.5150813700165,995
2024-09-19 11:50:26.884,421.5179608533692,5
2024-09-19 11:50:26.902,421.4497490602269,12
2024-09-19 11:50:26.909,421.4850438037732,95
2024-09-19 11:50:26.968,421.4223557084412,1003
2024-09-19 11:50:27.112,421.3973599592076,11
2024-09-19 11:50:27.152,421.4071810401724,96
2024-09-19 11:50:27.243,421.4049225700635,98
2024-09-19 11:50:27.243,421.38665730971087,103
2024-09-19 11:50:27.282,421.3965509859752,102
2024-09-19 11:50:27.325,421.41196602214137,8
2024-09-19 11:50:27.426,421.4050291601539,15
2024-09-19 11:50:27.579,421.40379837663227,100
2024-09-19 11:50:27.790,421.3966673383328,14
2024-09-19 11:50:27.835,421.40089067229576,105
2024-09-19 11:50:27.978,421.40416714891865,105
2024-09-19 11:50:27.979,421.3925306688631,1004
2024-09-19 11:50:28.009,421.417331905103,105
2024-09-19 11:50:28.096,421.4863634353596,13
2024-09-19 11:50:28.145,421.4457820889973,1005
2024-09-19 11:50:28.147,421.4742513237272,6
2024-09-19 11:50:28.147,421.4023673404001,1000
2024-09-19 11:50:28.154,421.4748127358477,10
2024-09-19 11:50:28.179,421.4306575307201,1002
2024-09-19 11:50:28.204,42.1483936421954,100
2024-09-19 11:50:28.219,421.4605605825065,104
2024-09-19 11:50:28.464,421.417145504782,1002
2024-09-19 11:50:28.471,421.4831623360147,7
2024-09-19 11:50:28.626,421.47031248495887,96
2024-09-19 11:50:28.767,421.4663279132912,100
2024-09-19 11:50:28.783,421.40791245250034,1002
2024-09-19 11:50:28.818,421.4547608872434,13
2024-09-19 11:50:28.890,421.47241044169147,12
2024-09-19 11:50:28.917,421.452638733704,8
2024-09-19 11:50:28.951,421.44264567521617,104
2024-09-19 11:50:29.172,421.52756971594886,1003
2024-09-19 11:50:29.245,421.5338189304053,1003
2024-09-19 11:50:29.355,421.46541460387897,1002
2024-09-19 11:50:29.384,421.4721675152738,97
2024-09-19 11:50:29.545,421.5477608199114,15
2024-09-19 11:50:29.746,421.4784167425803,99
2024-09-19 11:50:29.895,421.4831035458332,98
2024-09-19 11:50:29.910,421.4862470318745,11
2024-09-19 11:50:29.942,421.5079218464985,1003
2024-09-19 11:50:30.049,421.5115303618365,995
2024-09-19 11:50:30.055,421.5509540701073,997
2024-09-19 11:50:30.071,421.5475999090198,1000
2024-09-19 11:50:30.133,421.5243083077309,104
2024-09-19 11:50:30.403,421.55173756505405,8
2024-09-19 11:50:30.437,421.5146112427496,5
2024-09-19 11:50:30.504,421.5364033009132,1002
2024-09-19 11:50:30.799,421.5239451356608,103
2024-09-19 11:50:30.832,421.5566087897631,105
2024-09-19 11:50:30.846,-421.54195600344457,1005
2024-09-19 11:50:30.862,421.51962505524295,102
2024-09-19 11:50:30.940,421.5511607146473,1005
2024-09-19 11:50:31.037,421.5295261097246,1000
2024-09-19 11:50:31.100,421.5014230525754,95
2024-09-19 11:50:31.402,421.52060015925656,1005
2024-09-19 11:50:31.450,421.4938550360113,7
2024-09-19 11:50:31.614,421.4962048003879,1003
2024-09-19 11:50:31.733,421.5254496422836,1000
2024-09-19 11:50:32.009,421.4741040225423,14
2024-09-19 11:50:32.064,421.50586599975736,103
2024-09-19 11:50:32.087,421.4834141137655,1003
2024-09-19 11:50:32.091,421.4608527763442,1004
2024-09-19 11:50:32.126,421.4370355752046,995
2024-09-19 11:50:32.138,421.4333008044848,5
2024-09-19 11:50:32.243,421.4488489930731,1001
2024-09-19 11:50:32.246,421.44849165831306,13
2024-09-19 11:50:32.438,421.4799164518963,5
2024-09-19 11:50:32.620,421.48103167152345,102
2024-09-19 11:50:32.714,421.4889585170663,104
2024-09-19 11:50:32.800,421.4657158123128,1001
2024-09-19 11:50:32.829,421.4482400644902,12
2024-09-19 11:50:32.856,421.4772713037745,8
2024-09-19 11:50:33.084,421.5705438270764,7
2024-09-19 11:50:33.161,421.5815585695643,96
2024-09-19 11:50:33.178,421.6029676393629,1004
2024-09-19 11:50:33.200,421.5845058156884,99
2024-09-19 11:50:33.203,421.56268081707367,996
2024-09-19 11:50:33.316,421.5948930597689,1004
2024-09-19 11:50:33.356,421.5680914456073,996
2024-09-19 11:50:33.420,421.5905342493297,11
2024-09-19 11:50:33.450,421.48623461063744,6
2024-09-19 11:50:33.451,421.6065822905544,96
2024-09-19 11:50:33.463,421.5183417377058,997
2024-09-19 11:50:33.540,421.5865452513432,11
2024-09-19 11:50:33.639,421.58689020242656,98
2024-09-19 11:50:33.654,421.55037282174726,1002
2024-09-19 11:50:33.668,421.5975162612815,100
2024-09-19 11:50:33.738,421.6029014342697,997
2024-09-19 11:50:33.744,421.5680050498183,1002
2024-09-19 11:50:33.789,421.59636878755146,1002
2024-09-19 11:50:33.821,421.4877887217786,99
2024-09-19 11:50:33.822,421.5726818145949,104
2024-09-19 11:50:33.849,421.5445427136599,8
2024-09-19 11:50:33.943,421.58042404139707,8
2024-09-19 11:50:34.207,421.60356819946935,15
2024-09-19 11:50:34.598,421.61363106872585,7
2024-09-19 11:50:34.944,421.6150087346259,103
2024-09-19 11:50:35.084,421.6424187193219,996
2024-09-19 11:50:35.140,421.6110499531967,105
2024-09-19 11:50:35.184,421.6288465473845,100
2024-09-19 11:50:35.187,421.6961039704344,101
2024-09-19 11:50:35.333,421.7028145983031,1000
2024-09-19 11:50:35.381,421.6725626906656,5
2024-09-19 11:50:35.478,421.6647549122922,997
2024-09-19 11:50:35.579,421.69853894632433,100
2024-09-19 11:50:35.618,421.6501400504226,7
2024-09-19 11:50:35.764,421.68205663122814,105
2024-09-19 11:50:36.038,421.6707278033318,1001
2024-09-19 11:50:36.054,421.669442492868,1001
2024-09-19 11:50:36.055,421.6956440198405,997
2024-09-19 11:50:36.056,421.6795402742999,8
2024-09-19 11:50:36.113,421.6779137825974,8
2024-09-19 11:50:36.135,421.6884047926823,15
2024-09-19 11:50:36.146,42.166356377341735,96
2024-09-19 11:50:36.168,421.6594460348656,97
2024-09-19 11:50:36.189,421.6748465457456,97
2024-09-19 11:50:36.211,421.6711430546415,12
2024-09-19 11:50:36.249,421.6849621919207,100
2024-09-19 11:50:36.272,421.6663033736356,104
2024-09-19 11:50:36.303,421.67715850267183,100
2024-09-19 11:50:36.331,421.6947100011219,999
2024-09-19 11:50:36.344,421.682013272966,96
2024-09-19 11:50:36.349,421.6901507062854,11
2024-09-19 11:50:36.389,421.67714532339033,98
2024-09-19 11:50:36.398,421.66197672001545,998
2024-09-19 11:50:36.409,421.6599265587242,1001
2024-09-19 11:50:36.431,421.6931003941189,102
2024-09-19 11:50:36.437,421.70374385674745,11
2024-09-19 11:50:36.529,421.6824154552276,100
2024-09-19 11:50:36.535,421.6697301706959,102
2024-09-19 11:50:36.553,421.65941604861393,996
2024-09-19 11:50:36.628,421.6485696121733,104
2024-09-19 11:50:36.647,421.6744950857569,101
2024-09-19 11:50:36.749,421.6461354512991,104
2024-09-19 11:50:36.760,421.6772917631728,999
2024-09-19 11:50:36.783,421.6674053892045,995
2024-09-19 11:50:36.784,421.67627093978336,1001
2024-09-19 11:50:37.018,421.5995750662588,1004
2024-09-19 11:50:37.030,421.69639208484347,15
2024-09-19 11:50:37.052,421.680866587605,999
2024-09-19 11:50:37.213,421.667393742072,14
2024-09-19 11:50:37.221,421.6823835671885,105
2024-09-19 11:50:37.242,421.66288894095385,1001
2024-09-19 11:50:37.417,421.6653476481576,996
2024-09-19 11:50:37.519,42.15866237867658,104
2024-09-19 11:50:37.549,421.6425663177576,96
2024-09-19 11:50:37.557,421.5970120207,97
2024-09-19 11:50:37.576,421.67710149921896,103
2024-09-19 11:50:37.625,421.6744341503224,104
2024-09-19 11:50:37.630,42.168197425268346,9
2024-09-19 11:50:37.633,421.66484739466006,12
2024-09-19 11:50:37.659,421.6782033358022,5
2024-09-19 11:50:37.679,421.60506167210974,15
2024-09-19 11:50:37.692,421.5929474265944,11
2024-09-19 11:50:37.700,421.59473584432,10
2024-09-19 11:50:37.787,421.6904023604519,995
2024-09-19 11:50:37.799,421.6934499489999,998
2024-09-19 11:50:37.807,421.6195916797355,1000
2024-09-19 11:50:37.828,421.6733383368612,995
2024-09-19 11:50:37.856,421.6923171558892,996
2024-09-19 11:50:37.879,421.6755808792088,13
2024-09-19 11:50:37.889,421.6891417840434,5
2024-09-19 11:50:37.913,421.5937717742988,11
2024-09-19 11:50:37.950,421.6651563343239,102
2024-09-19 11:50:37.951,421.6302226547187,996
2024-09-19 11:50:37.961,421.62360271033367,97
2024-09-19 11:50:38.035,421.5984168645803,13
2024-09-19 11:50:38.280,421.5858394824587,100
2024-09-19 11:50:38.388,421.5874325463293,995
2024-09-19 11:50:38.637,421.6040985296264,13
2024-09-19 11:50:38.804,421.58032238602937,95
2024-09-19 11:50:38.812,421.5863446755748,5
2024-09-19 11:50:38.896,421.59773071386735,102
2024-09-19 11:50:39.051,421.640082874048,9
2024-09-19 11:50:39.079,421.5885368899959,996
2024-09-19 11:50:39.142,421.6674134588346,15
2024-09-19 11:50:39.195,42.162119252661,12
2024-09-19 11:50:39.202,421.6544923465767,995
2024-09-19 11:50:39.212,421.65291497096746,97
2024-09-19 11:50:39.213,421.65936505706327,998
2024-09-19 11:50:39.217,421.6049912534116,96
2024-09-19 11:50:39.236,421.588823911562,97
2024-09-19 11:50:39.249,421.5927015427136,9
2024-09-19 11:50:39.275,421.6069795509037,99
2024-09-19 11:50:39.401,421.6756745368408,1001
2024-09-19 11:50:39.455,421.6315557895226,5
2024-09-19 11:50:39.538,421.6279470610314,8
2024-09-19 11:50:39.582,421.6062062095205,997
2024-09-19 11:50:39.588,421.619695768468,995
2024-09-19 11:50:39.614,421.6429568484264,1004
2024-09-19 11:50:39.690,421.6558716427886,1004
2024-09-19 11:50:39.745,421.6976442943105,102
2024-09-19 11:50:39.750,-421.6386823705671,101
2024-09-19 11:50:39.780,421.673498566252,98
2024-09-19 11:50:39.798,421.69593265470456,105
2024-09-19 11:50:39.842,421.6081452229906,103
2024-09-19 11:50:39.846,421.6155826021837,100
2024-09-19 11:50:39.895,421.6566321793881,10
2024-09-19 11:50:39.990,421.5933599028996,6
2024-09-19 11:50:40.007,421.6371656387163,15
2024-09-19 11:50:40.028,421.67571580108535,103
2024-09-19 11:50:40.052,421.6890552616864,1000
2024-09-19 11:50:40.088,421.71577833488345,1004
2024-09-19 11:50:40.100,421.68541528670414,1002
2024-09-19 11:50:40.142,421.6969191534577,98
2024-09-19 11:50:40.219,421.6794026547119,15
2024-09-19 11:50:40.220,421.7036341100608,100
2024-09-19 11:50:40.261,42.16882866148124,6
2024-09-19 11:50:40.283,421.6892489983042,95
2024-09-19 11:50:40.295,421.7054258317055,102
2024-09-19 11:50:40.311,421.6978062015594,95
2024-09-19 11:50:40.392,421.6857096598077,103
2024-09-19 11:50:40.478,421.6520255188448,5
2024-09-19 11:50:40.495,421.6901536274284,13
2024-09-19 11:50:40.498,421.68732244907847,999
2024-09-19 11:50:40.511,421.6329437306977,103
2024-09-19 11:50:40.514,421.6826569483655,14
2024-09-19 11:50:40.594,421.6765667834368,7
2024-09-19 11:50:40.602,421.7100656709216,996
2024-09-19 11:50:40.618,421.663139993636,7
2024-09-19 11:50:40.694,421.698993736712,1002
2024-09-19 11:50:40.700,421.6999534306003,9
2024-09-19 11:50:40.715,,7
2024-09-19 11:50:40.750,421.683462883584,1003
2024-09-19 11:50:40.760,421.7087234347628,996
2024-09-19 11:50:40.819,421.6449732327823,95
2024-09-19 11:50:40.868,421.70421007123696,101
2024-09-19 11:50:40.987,421.69498512111016,101
2024-09-19 11:50:41.128,421.643760464897,102
2024-09-19 11:50:44.017,421.6684743623708,14
2024-09-19 11:50:44.035,421.6722474000856,1003
2024-09-19 11:50:44.128,421.6686026888444,12
2024-09-19 11:50:44.158,421.65265719078735,999
2024-09-19 11:50:44.461,421.6687019406366,104
2024-09-19 11:50:44.521,421.67695149564486,105
2024-09-19 11:50:44.573,421.6558047144572,100
2024-09-19 11:50:44.631,421.6850080958357,103
2024-09-19 11:50:44.655,421.6799335279058,6
2024-09-19 11:50:44.707,421.6608192553229,15
2024-09-19 11:50:44.712,421.6731033163341,99
2024-09-19 11:50:44.776,421.681742364392,9
2024-09-19 11:50:44.807,421.65635784675305,95
2024-09-19 11:50:44.954,421.6713285494212,1000
2024-09-19 11:50:44.999,421.66750785780624,1000
2024-09-19 11:50:45.022,421.709150962565,12
2024-09-19 11:50:45.029,421.70421971865727,97
2024-09-19 11:50:45.042,421.7013325942759,7
2024-09-19 11:50:45.089,421.6909209923327,1005
2024-09-19 11:50:45.115,421.6944655571295,96
2024-09-19 11:50:45.205,421.6901529352052,97
2024-09-19 11:50:45.389,421.7036311344325,995
2024-09-19 11:50:45.409,421.7169511618964,99
2024-09-19 11:50:45.419,421.7197488792817,5
2024-09-19 11:50:45.466,421.681609572181,11
2024-09-19 11:50:45.612,421.6884097925151,11
2024-09-19 11:50:45.712,421.6980724072277,996
2024-09-19 11:50:45.714,421.70162819492776,1000
2024-09-19 11:50:45.724,421.715414067428,1001
2024-09-19 11:50:45.911,421.7128134210369,1005
2024-09-19 11:50:45.935,421.6952771510051,13
2024-09-19 11:50:45.986,421.6978695606519,1002
2024-09-19 11:50:46.030,421.66338291228107,998
2024-09-19 11:50:46.096,421.6910571278977,101
2024-09-19 11:50:46.280,421.6766453458641,5
2024-09-19 11:50:46.348,421.66303361068833,104
2024-09-19 11:50:46.380,421.6819984241473,14
2024-09-19 11:50:46.578,421.6743226611008,105
2024-09-19 11:50:46.683,421.7078244371271,12
2024-09-19 11:50:46.731,421.68089814877067,101
2024-09-19 11:50:46.845,421.66572049873736,99
2024-09-19 11:50:46.960,421.7137919301388,104
2024-09-19 11:50:47.010,421.68972067917343,13
2024-09-19 11:50:47.015,421.71597758967073,14
2024-09-19 11:50:47.042,421.71961401174445,998
2024-09-19 11:50:47.073,421.70391055182034,5
2024-09-19 11:50:47.080,421.6836017984575,1001
2024-09-19 11:50:47.104,421.7143642643903,11
2024-09-19 11:50:47.123,421.7137481342224,1000
2024-09-19 11:50:47.188,421.6797998778444,102
2024-09-19 11:50:47.219,421.6601485835432,1004
2024-09-19 11:50:47.230,421.70563808483627,15
2024-09-19 11:50:47.265,421.7191129828289,1003
2024-09-19 11:50:47.320,421.7145134209725,7
2024-09-19 11:50:47.379,421.6591133759834,998
2024-09-19 11:50:47.387,421.6777553138213,15
2024-09-19 11:50:47.389,421.6586271822194,101
2024-09-19 11:50:47.396,421.6810889493572,1004
2024-09-19 11:50:47.482,421.6660906821871,95
2024-09-19 11:50:47.566,421.6816542915668,101
2024-09-19 11:50:47.568,421.72866716051175,99
2024-09-19 11:50:47.710,421.7190902044992,97
2024-09-19 11:50:47.742,421.6637882116137,1003
2024-09-19 11:50:47.791,421.663818157951,997
2024-09-19 11:50:47.793,421.6563101707448,95
2024-09-19 11:50:47.856,421.7121613920172,997
2024-09-19 11:50:47.859,421.693923584117,5
2024-09-19 11:50:47.891,421.6897873751577,1002
2024-09-19 11:50:48.000,421.788681826257,103
2024-09-19 11:50:48.130,-421.7274487977078,1002
2024-09-19 11:50:48.137,421.7785887247716,95
2024-09-19 11:50:48.146,421.7580978824647,98
2024-09-19 11:50:48.223,421.7409358828136,11
2024-09-19 11:50:48.225,421.767558807752,1003
2024-09-19 11:50:48.406,421.7319452391968,104
2024-09-19 11:50:48.427,421.7305752519141,95
2024-09-19 11:50:48.654,421.7486213855796,6
2024-09-19 11:50:48.686,421.77536236535934,996
2024-09-19 11:50:48.702,421.7300066875554,8
2024-09-19 11:50:48.702,421.7853241835065,95
2024-09-19 11:50:48.709,421.73334273353294,12
2024-09-19 11:50:48.709,421.8031013109676,998
2024-09-19 11:50:48.775,421.7934472433539,105
2024-09-19 11:50:48.809,421.7378935448363,99
2024-09-19 11:50:48.835,421.7881182124868,9
2024-09-19 11:50:48.890,421.7914022495397,1000
2024-09-19 11:50:48.893,421.7845699428304,999
2024-09-19 11:50:48.927,421.7535414832138,998
2024-09-19 11:50:48.995,421.7687893953787,102
2024-09-19 11:50:49.010,421.786672025932,14
2024-09-19 11:50:49.354,421.8037918877607,98
2024-09-19 11:50:49.529,421.7963144637904,100
2024-09-19 11:50:49.584,421.78476218561326,100
2024-09-19 11:50:49.693,421.8037300222264,1000
2024-09-19 11:50:49.834,421.79024546129256,5
2024-09-19 11:50:50.015,421.8296749863446,5
2024-09-19 11:50:50.170,421.7809301907729,95
2024-09-19 11:50:50.176,421.843357092568,102
2024-09-19 11:50:50.295,421.8427571594232,1000
2024-09-19 11:50:50.350,421.7858474363858,10
2024-09-19 11:50:50.479,421.8064502780084,13
2024-09-19 11:50:50.493,421.8001670455833,996
2024-09-19 11:50:50.534,421.8397936836165,13
2024-09-19 11:50:50.633,421.7864384830355,999
2024-09-19 11:50:50.657,421.8291011091822,1000
2024-09-19 11:50:50.720,421.8390616141441,95
2024-09-19 11:50:50.755,421.7796051710327,96
2024-09-19 11:50:50.780,421.7835920990559,1003
2024-09-19 11:50:50.863,421.8477213396105,1000
2024-09-19 11:50:50.888,421.8001361775115,10
2024-09-19 11:50:50.930,421.7902233374799,1005
2024-09-19 11:50:50.958,421.7921044658619,9
2024-09-19 11:50:50.996,421.7910387097212,5
2024-09-19 11:50:51.114,421.8384044242737,95
2024-09-19 11:50:51.136,421.8078361760979,1001
2024-09-19 11:50:51.144,421.8554943071097,103
2024-09-19 11:50:51.254,421.8148315980424,104
2024-09-19 11:50:51.347,421.860544603062,12
2024-09-19 11:50:51.536,421.82898074167554,1005
2024-09-19 11:50:51.611,421.83642897185,996
2024-09-19 11:50:51.780,421.837151464727,1000
2024-09-19 11:50:51.799,421.811738343795,7
2024-09-19 11:50:51.954,421.8170056935819,5
2024-09-19 11:50:52.160,421.8432460232799,1004
2024-09-19 11:50:52.527,421.8339720576117,11
2024-09-19 11:50:52.564,421.8275252727518,5
2024-09-19 11:50:52.851,421.8381384209268,7
2024-09-19 11:50:52.945,421.8429237314949,98
2024-09-19 11:50:53.001,421.8230958073443,5
2024-09-19 11:50:53.079,421.7851415051213,15
2024-09-19 11:50:53.106,421.7660416759002,97
2024-09-19 11:50:53.126,421.8313681260009,103
2024-09-19 11:50:53.153,421.8480432474163,7
2024-09-19 11:50:53.164,421.8310573747475,995
2024-09-19 11:50:53.169,421.77305766546726,1002
2024-09-19 11:50:53.206,421.8285185052353,1004
2024-09-19 11:50:53.260,421.80367874145816,995
2024-09-19 11:50:53.369,421.85120841067663,1003
2024-09-19 11:50:53.417,421.86081469496366,10
2024-09-19 11:50:53.459,421.7682437747666,13
2024-09-19 11:50:53.488,421.76391338128167,99
2024-09-19 11:50:53.529,421.79459137791,1003
2024-09-19 11:50:53.624,421.7744737551605,100
2024-09-19 11:50:53.702,421.7718838564492,103
2024-09-19 11:50:53.726,421.81998185285727,7
2024-09-19 11:50:53.803,421.72903875495183,7
2024-09-19 11:50:53.823,421.75909019803487,1004
2024-09-19 11:50:53.835,421.7671868107397,104
2024-09-19 11:50:53.884,421.8204094320072,8
2024-09-19 11:50:53.910,421.83541931059966,105
2024-09-19 11:50:53.954,421.8402318701848,1002
2024-09-19 11:50:54.001,421.7453303102969,95
2024-09-19 11:50:54.022,421.7684432386692,102
2024-09-19 11:50:54.069,42.17540324878684,103
2024-09-19 11:50:54.116,421.7369994857864,1002
2024-09-19 11:50:54.190,421.7650604622773,15
2024-09-19 11:50:54.194,421.74568474736975,105
2024-09-19 11:50:54.334,421.7447666534983,100
2024-09-19 11:50:54.376,421.7519586260847,98
2024-09-19 11:50:54.408,421.8003734839722,13
2024-09-19 11:50:54.453,421.7478371296814,98
2024-09-19 11:50:54.479,421.7589592052471,95
2024-09-19 11:50:54.519,421.74153413328366,10
2024-09-19 11:50:54.573,421.7373457913853,101
2024-09-19 11:50:54.586,421.7567169652936,14
2024-09-19 11:50:54.619,421.7471936156626,5
2024-09-19 11:50:54.641,421.748386375488,998
2024-09-19 11:50:54.646,421.76902147512,98
2024-09-19 11:50:54.663,,96
2024-09-19 11:50:54.730,421.7559602125649,997
2024-09-19 11:50:54.829,421.7634673070419,11
2024-09-19 11:50:54.846,421.7553667485692,995
2024-09-19 11:50:54.881,421.7186032770553,99
2024-09-19 11:50:54.967,421.7426131524358,12
2024-09-19 11:50:55.060,421.8181190103133,1002
2024-09-19 11:50:55.071,421.8079458300537,95
2024-09-19 11:50:55.084,421.7852660720721,12
2024-09-19 11:50:55.117,421.8052007400016,95
2024-09-19 11:50:55.184,421.810928440741,998
2024-09-19 11:50:55.307,421.83272063216265,11
2024-09-19 11:50:55.412,421.8644033420263,98
2024-09-19 11:50:55.460,421.841177919967,97
2024-09-19 11:50:55.469,421.7888196657823,9
2024-09-19 11:50:55.796,421.81477670203566,1004
2024-09-19 11:50:55.885,421.8315789850724,1001
2024-09-19 11:50:55.907,421.8230094887761,98
2024-09-19 11:50:55.945,421.808426057924,8
2024-09-19 11:50:55.972,421.7640849069182,997
2024-09-19 11:50:56.037,421.8911921967672,997
2024-09-19 11:50:56.052,421.8838019509694,7
2024-09-19 11:50:56.083,421.8667203029744,95
2024-09-19 11:50:56.121,421.88035253773177,98
2024-09-19 11:50:56.288,421.8593060630273,12
2024-09-19 11:50:56.649,421.8797546727187,96
2024-09-19 11:50:56.882,421.8982733341772,104
2024-09-19 11:50:57.339,421.9097098880361,1005
2024-09-19 11:50:57.444,421.9235883252917,104
2024-09-19 11:50:57.789,421.9169843650142,104
2024-09-19 11:50:57.853,421.91884859772136,8
2024-09-19 11:50:57.860,421.9184675394533,97
2024-09-19 11:50:58.051,421.872434100141,13
2024-09-19 11:50:58.233,421.8777879638542,1001
2024-09-19 11:50:58.237,421.8793713985653,1005
2024-09-19 11:50:58.315,421.8864893396387,105
2024-09-19 11:50:58.374,421.9287831878306,9
2024-09-19 11:50:58.381,421.8960991685695,13
2024-09-19 11:50:58.416,421.8748065998528,1000
2024-09-19 11:50:58.485,421.9003062078244,999
2024-09-19 11:50:58.506,421.8924247518296,6
2024-09-19 11:50:58.533,421.8799885705904,105
2024-09-19 11:50:58.542,421.932375501067,1005
2024-09-19 11:50:58.583,421.89093931647,12
2024-09-19 11:50:58.594,421.9046211073742,13
2024-09-19 11:50:58.635,421.9212404505474,6
2024-09-19 11:50:58.690,421.9372488793213,995
2024-09-19 11:50:58.692,421.9239711660626,996
2024-09-19 11:50:58.929,,103
2024-09-19 11:50:58.932,421.9239494436503,13
2024-09-19 11:50:58.967,421.8650078164005,996
2024-09-19 11:50:59.611,421.9316887171994,102
2024-09-19 11:50:59.768,421.93787421161807,9
