Timestamp,Price,Size
2024-09-17 10:11:00.036,414.584859095012,105
2024-09-17 10:11:00.214,,15
2024-09-17 10:11:00.331,414.5938885482427,14
2024-09-17 10:11:00.489,414.5928600449826,99
2024-09-17 10:11:00.507,414.6083599521779,99
2024-09-17 10:11:00.734,414.58548009473753,1004
2024-09-17 10:11:00.816,414.5728807564073,9
2024-09-17 10:11:00.886,414.6121395018153,14
2024-09-17 10:11:00.926,414.5821687720042,9
2024-09-17 10:11:01.015,414.63026197496566,1002
2024-09-17 10:11:01.199,414.5796766633906,997
2024-09-17 10:11:01.305,414.6085723276848,997
2024-09-17 10:11:01.602,414.6449821714706,96
2024-09-17 10:11:01.664,414.6235783021209,5
2024-09-17 10:11:02.204,414.6609981390749,7
2024-09-17 10:11:02.589,414.6634439031272,105
2024-09-17 10:11:02.672,414.6619561964643,103
2024-09-17 10:11:02.771,414.6581099772338,104
2024-09-17 10:11:03.724,414.67552756083046,104
2024-09-17 10:11:04.112,414.6973867532293,999
2024-09-17 10:11:04.115,414.671169310147,6
2024-09-17 10:11:04.222,414.6640147009512,1000
2024-09-17 10:11:04.315,414.72862132636806,12
2024-09-17 10:11:04.479,414.7192993684329,13
2024-09-17 10:11:04.570,414.7101963309185,5
2024-09-17 10:11:04.723,414.6752714020631,9
2024-09-17 10:11:04.858,414.6732197381924,5
2024-09-17 10:11:04.881,414.68896590104094,95
2024-09-17 10:11:04.985,414.7224150285577,1001
2024-09-17 10:11:05.320,414.7435284115394,97
2024-09-17 10:11:05.378,414.7150678692581,11
2024-09-17 10:11:05.391,414.7499734317088,996
2024-09-17 10:11:05.644,414.74121883205,1002
2024-09-17 10:11:05.667,414.7536266247527,7
2024-09-17 10:11:05.678,414.7537374195414,8
2024-09-17 10:11:05.863,414.72842423036366,99
2024-09-17 10:11:05.976,414.7431571305156,15
2024-09-17 10:11:06.047,414.72561676667823,999
2024-09-17 10:11:06.442,414.7364931385107,996
2024-09-17 10:11:06.464,414.7208049196898,1002
2024-09-17 10:11:06.794,414.7105892066463,995
2024-09-17 10:11:06.952,414.736612446593,8
2024-09-17 10:11:07.013,,997
2024-09-17 10:11:07.194,414.72335144669,1004
2024-09-17 10:11:07.232,414.68924416206335,100
2024-09-17 10:11:07.478,414.69953446655256,1002
2024-09-17 10:11:07.493,414.6965584152557,1004
2024-09-17 10:11:07.757,414.6775124520613,12
2024-09-17 10:11:07.826,414.6958260686271,995
2024-09-17 10:11:08.037,414.6750109737739,97
2024-09-17 10:11:08.075,414.6986658849332,1003
2024-09-17 10:11:08.149,414.7010402038637,15
2024-09-17 10:11:08.388,414.68431770556543,998
2024-09-17 10:11:08.563,414.6897261438439,1005
2024-09-17 10:11:08.735,414.6999447360882,995
2024-09-17 10:11:08.819,414.70755712523953,9
2024-09-17 10:11:09.037,414.6891809212219,11
2024-09-17 10:11:09.319,414.7164321655396,13
2024-09-17 10:11:09.563,414.6798663742831,996
2024-09-17 10:11:09.565,414.69291685490526,97
2024-09-17 10:11:09.616,414.6838070705969,10
2024-09-17 10:11:09.642,414.7238941522901,995
2024-09-17 10:11:09.753,414.72062890815454,998
2024-09-17 10:11:09.814,414.6736823532986,997
2024-09-17 10:11:10.269,414.69941179425,14
2024-09-17 10:11:10.335,414.70563224092217,999
2024-09-17 10:11:10.375,414.6688135042853,102
2024-09-17 10:11:10.383,414.7014385695908,5
2024-09-17 10:11:10.451,414.68493007553775,99
2024-09-17 10:11:10.705,414.6888090828183,6
2024-09-17 10:11:10.921,414.68070119001385,101
2024-09-17 10:11:11.024,414.7252121997884,998
2024-09-17 10:11:11.309,414.7005307445591,104
2024-09-17 10:11:11.324,414.6859957731404,995
2024-09-17 10:11:11.344,414.6890313724136,96
2024-09-17 10:11:11.457,414.6746061046744,105
2024-09-17 10:11:11.598,414.7061235766541,100
2024-09-17 10:11:11.740,414.7243765363012,995
2024-09-17 10:11:11.755,414.690078640984,1003
2024-09-17 10:11:11.835,414.7215963909548,12
2024-09-17 10:11:11.900,414.7369946095546,1005
2024-09-17 10:11:11.961,414.68388373694273,99
2024-09-17 10:11:12.001,414.7259830018634,998
2024-09-17 10:11:12.038,414.7306259377093,6
2024-09-17 10:11:12.105,414.700913923629,99
2024-09-17 10:11:12.105,414.73627578793673,11
2024-09-17 10:11:12.245,414.73312431387626,99
2024-09-17 10:11:12.249,414.71823342494616,9
2024-09-17 10:11:12.263,414.751867118848,95
2024-09-17 10:11:12.293,-414.7080767102667,1001
2024-09-17 10:11:12.304,414.72085462309127,997
2024-09-17 10:11:12.405,414.70612445904726,995
2024-09-17 10:11:12.464,414.6876864725842,10
2024-09-17 10:11:12.489,414.7227105751506,15
2024-09-17 10:11:12.495,414.7201820471213,14
2024-09-17 10:11:12.540,414.7074635457398,96
2024-09-17 10:11:12.651,414.7469917889052,15
2024-09-17 10:11:12.667,414.7222162357109,14
2024-09-17 10:11:12.670,414.7141059226741,1002
2024-09-17 10:11:12.701,414.6988283012628,5
2024-09-17 10:11:12.721,414.712719529647,103
2024-09-17 10:11:12.739,414.7023614332385,10
2024-09-17 10:11:12.760,414.7082839678733,997
2024-09-17 10:11:12.797,414.6903647122533,98
2024-09-17 10:11:12.860,414.72889226718416,96
2024-09-17 10:11:12.940,414.7362703409381,999
2024-09-17 10:11:13.015,414.7377246904432,6
2024-09-17 10:11:13.180,414.74805602262,15
2024-09-17 10:11:13.529,414.74154636794265,998
2024-09-17 10:11:13.655,414.745843303839,1001
2024-09-17 10:11:13.729,414.703502151936,996
2024-09-17 10:11:13.785,414.7237693724445,1005
2024-09-17 10:11:13.977,414.7360440238812,1001
2024-09-17 10:11:14.795,414.7538618478702,7
2024-09-17 10:11:14.894,414.7520652419415,5
2024-09-17 10:11:15.040,414.7527375971886,104
2024-09-17 10:11:15.194,414.7724121785644,101
2024-09-17 10:11:15.206,414.7448668354116,1000
2024-09-17 10:11:15.239,414.7737251138706,12
2024-09-17 10:11:15.276,414.7613354511228,9
2024-09-17 10:11:15.422,414.7918181314308,97
2024-09-17 10:11:15.480,414.79966797637024,99
2024-09-17 10:11:15.593,414.76288670667145,99
2024-09-17 10:11:15.642,414.76597651569904,996
2024-09-17 10:11:15.699,414.76170860788295,1004
2024-09-17 10:11:15.722,414.7931780009948,1002
2024-09-17 10:11:15.781,414.7412901167223,9
2024-09-17 10:11:16.040,414.8353762535448,1002
2024-09-17 10:11:16.100,414.8300672004728,99
2024-09-17 10:11:16.204,414.83116455987386,98
2024-09-17 10:11:16.219,414.7945872871928,1000
2024-09-17 10:11:16.289,414.83122466894366,1003
2024-09-17 10:11:16.297,414.7991068137816,96
2024-09-17 10:11:16.383,414.7963243920792,1004
2024-09-17 10:11:16.387,414.80635321786986,1005
2024-09-17 10:11:16.486,414.80959233412506,95
2024-09-17 10:11:16.519,414.804799191139,105
2024-09-17 10:11:16.567,414.7918172392797,1002
2024-09-17 10:11:16.648,414.79691626341264,6
2024-09-17 10:11:16.722,414.83503963201184,102
2024-09-17 10:11:16.743,414.80599410204326,8
2024-09-17 10:11:16.844,414.82825596941024,998
2024-09-17 10:11:16.850,414.8304454959051,100
2024-09-17 10:11:16.888,414.8404748611117,96
2024-09-17 10:11:16.960,414.8485005860411,13
2024-09-17 10:11:17.320,414.7829958064583,99
2024-09-17 10:11:18.052,414.7741584645677,104
2024-09-17 10:11:18.107,414.7502835688771,101
2024-09-17 10:11:18.146,414.7441907077315,8
2024-09-17 10:11:18.247,414.78400104339846,103
2024-09-17 10:11:18.312,414.7819908770737,103
2024-09-17 10:11:18.361,414.7298105281958,101
2024-09-17 10:11:18.370,414.7175082401433,9
2024-09-17 10:11:18.459,414.7820598905512,98
2024-09-17 10:11:18.460,414.73724526856927,1001
2024-09-17 10:11:18.625,414.7315462856493,999
2024-09-17 10:11:18.806,414.7763545163788,12
2024-09-17 10:11:18.815,414.774365309576,99
2024-09-17 10:11:18.934,414.7456301870402,99
2024-09-17 10:11:18.956,414.78947703568014,96
2024-09-17 10:11:18.956,414.7634950095566,999
2024-09-17 10:11:18.966,414.7826041899347,1002
2024-09-17 10:11:19.181,414.6225222088536,1002
2024-09-17 10:11:19.219,414.6295087139428,99
2024-09-17 10:11:19.232,414.7404868759705,997
2024-09-17 10:11:19.261,414.6688852830208,1000
2024-09-17 10:11:19.468,414.6411881649354,105
2024-09-17 10:11:19.492,414.70817677929296,105
2024-09-17 10:11:19.511,414.713524885774,102
2024-09-17 10:11:19.602,414.7114803481387,995
2024-09-17 10:11:19.762,414.6950630856527,11
2024-09-17 10:11:19.793,414.68213460638174,11
2024-09-17 10:11:19.818,414.66354176940513,1002
2024-09-17 10:11:19.846,414.6808094595587,98
2024-09-17 10:11:19.855,414.6640580141971,97
2024-09-17 10:11:19.903,414.6528146138262,99
2024-09-17 10:11:19.946,414.6801510694282,99
2024-09-17 10:11:20.074,414.6365384867111,999
2024-09-17 10:11:20.816,414.64892328668367,96
2024-09-17 10:11:20.853,414.6354212302027,95
2024-09-17 10:11:21.080,414.6613779559185,1001
2024-09-17 10:11:21.170,414.6658793994394,9
2024-09-17 10:11:21.269,414.6637155619075,5
2024-09-17 10:11:21.290,414.6508895183128,7
2024-09-17 10:11:21.322,414.6623137682817,96
2024-09-17 10:11:21.341,414.6625250569927,1004
2024-09-17 10:11:21.420,414.6577588303204,7
2024-09-17 10:11:21.569,414.6635734785975,995
2024-09-17 10:11:21.660,414.6594059957133,7
2024-09-17 10:11:21.700,414.639579886774,9
2024-09-17 10:11:21.734,414.6431371854914,97
2024-09-17 10:11:21.745,414.6249213356102,10
2024-09-17 10:11:21.783,414.6701237938496,98
2024-09-17 10:11:21.796,414.64951016647433,13
2024-09-17 10:11:21.838,414.6620203303108,1000
2024-09-17 10:11:21.854,414.6832701486995,5
2024-09-17 10:11:21.915,414.66354895761407,9
2024-09-17 10:11:22.046,414.6239497022348,6
2024-09-17 10:11:22.185,414.6151496420392,99
2024-09-17 10:11:22.221,414.620435701272,98
2024-09-17 10:11:22.274,414.62559130691847,998
2024-09-17 10:11:22.299,414.63004571787496,100
2024-09-17 10:11:22.310,414.64931080023865,15
2024-09-17 10:11:22.312,414.6146234519631,99
2024-09-17 10:11:22.372,414.6264023405178,98
2024-09-17 10:11:22.444,414.61273807582586,95
2024-09-17 10:11:22.637,414.6544612079693,8
2024-09-17 10:11:22.728,414.6139687823277,10
2024-09-17 10:11:22.897,414.6542891510331,96
2024-09-17 10:11:22.903,414.6147785878559,997
2024-09-17 10:11:23.016,414.54613299905833,1004
2024-09-17 10:11:23.022,414.5707298746577,6
2024-09-17 10:11:23.051,414.5573583104861,9
2024-09-17 10:11:23.067,414.6113086783795,102
2024-09-17 10:11:23.125,414.5786779785844,7
2024-09-17 10:11:23.154,414.58651757109993,105
2024-09-17 10:11:23.217,414.5730299011617,5
2024-09-17 10:11:23.232,414.57565577634216,96
2024-09-17 10:11:23.254,414.5338457658325,1005
2024-09-17 10:11:23.309,414.5793971894239,1004
2024-09-17 10:11:23.408,414.569561457756,1000
2024-09-17 10:11:23.422,414.5774085811125,996
2024-09-17 10:11:23.443,414.5682936973856,995
2024-09-17 10:11:23.507,414.5521594390195,101
2024-09-17 10:11:23.513,414.5523572423083,101
2024-09-17 10:11:23.545,414.56896159083567,100
2024-09-17 10:11:23.546,414.55036199754034,997
2024-09-17 10:11:23.557,414.5654469052367,7
2024-09-17 10:11:23.573,414.5820174637222,996
2024-09-17 10:11:23.618,414.58841798886976,1001
2024-09-17 10:11:23.621,414.55358525581937,96
2024-09-17 10:11:23.634,414.5704950525581,98
2024-09-17 10:11:23.675,414.5553058427749,1000
2024-09-17 10:11:23.686,414.573575909897,7
2024-09-17 10:11:23.720,414.5905926180133,15
2024-09-17 10:11:23.776,414.5969978506905,97
2024-09-17 10:11:23.810,414.61368294591847,95
2024-09-17 10:11:23.906,414.57477044313487,1001
2024-09-17 10:11:23.990,414.5544791490856,98
2024-09-17 10:11:24.504,414.5911151362491,14
2024-09-17 10:11:25.178,414.63503886398087,9
2024-09-17 10:11:25.375,414.5833452707616,1000
2024-09-17 10:11:25.473,414.5886615753156,5
2024-09-17 10:11:25.516,414.6394934425592,13
2024-09-17 10:11:25.525,414.57321847846407,11
2024-09-17 10:11:25.541,414.5851177046201,98
2024-09-17 10:11:25.603,414.61910854907546,14
2024-09-17 10:11:25.712,414.63923521779486,11
2024-09-17 10:11:25.794,414.60202607862936,1003
2024-09-17 10:11:25.820,414.58755376874126,1002
2024-09-17 10:11:25.843,414.6047791953365,104
2024-09-17 10:11:25.917,414.5882353880527,1003
2024-09-17 10:11:26.020,414.68071144055847,996
2024-09-17 10:11:26.034,414.7150181199444,96
2024-09-17 10:11:26.066,414.7046966165549,98
2024-09-17 10:11:26.171,414.7092298545466,98
2024-09-17 10:11:26.176,414.6769035906508,9
2024-09-17 10:11:26.219,414.6428772868751,99
2024-09-17 10:11:26.228,414.67346943153024,1000
2024-09-17 10:11:26.232,414.7330321732976,999
2024-09-17 10:11:26.275,414.6628961103186,996
2024-09-17 10:11:26.275,414.71688882116985,99
2024-09-17 10:11:26.327,414.635065292841,7
2024-09-17 10:11:26.329,414.69896833133663,1004
2024-09-17 10:11:26.451,414.6867763774923,1002
2024-09-17 10:11:26.605,414.67921947287033,11
2024-09-17 10:11:26.681,414.76263817571896,95
2024-09-17 10:11:26.699,414.7182032149259,996
2024-09-17 10:11:26.716,414.7702407375554,12
2024-09-17 10:11:26.810,414.6743785193793,11
2024-09-17 10:11:26.813,414.6838535989052,1004
2024-09-17 10:11:26.815,414.7074600145172,104
2024-09-17 10:11:26.845,414.71051672733466,102
2024-09-17 10:11:26.864,414.67723126370106,101
2024-09-17 10:11:26.879,414.6244467553836,97
2024-09-17 10:11:26.889,414.7353095255181,13
2024-09-17 10:11:26.978,414.66810017259394,97
2024-09-17 10:11:26.982,414.6427969241724,15
2024-09-17 10:11:27.016,414.7870490773868,15
2024-09-17 10:11:27.027,414.7786318333973,995
2024-09-17 10:11:27.074,414.790617423121,12
2024-09-17 10:11:27.080,414.7863064453649,1005
2024-09-17 10:11:27.112,414.78031056571456,13
2024-09-17 10:11:27.136,414.7847337629367,95
2024-09-17 10:11:27.165,414.7411544716367,11
2024-09-17 10:11:27.249,414.7664841488492,7
2024-09-17 10:11:27.252,414.7685693163674,11
2024-09-17 10:11:27.264,414.7752877061959,14
2024-09-17 10:11:27.363,414.7554952296178,105
2024-09-17 10:11:27.373,414.7510738510884,996
2024-09-17 10:11:27.375,414.7898851176762,9
2024-09-17 10:11:27.401,414.7795626208881,997
2024-09-17 10:11:27.409,414.7696867384782,7
2024-09-17 10:11:27.529,414.7395591970119,97
2024-09-17 10:11:27.579,414.7569877546937,103
2024-09-17 10:11:27.644,414.75649876621503,1001
2024-09-17 10:11:27.661,414.7850003746001,9
2024-09-17 10:11:27.690,414.7695722448983,1001
2024-09-17 10:11:27.702,414.7391503402986,14
2024-09-17 10:11:27.931,414.7259322061519,1001
2024-09-17 10:11:27.968,414.7611463168568,1000
2024-09-17 10:11:27.976,414.7763500908876,1004
2024-09-17 10:11:27.992,414.7711642273345,96
2024-09-17 10:11:28.108,414.7061466163244,995
2024-09-17 10:11:28.116,414.7108072729424,995
2024-09-17 10:11:28.136,414.697061545324,1003
2024-09-17 10:11:28.155,414.7263525080744,996
2024-09-17 10:11:28.187,414.7046527774303,8
2024-09-17 10:11:28.197,414.705851598257,1001
2024-09-17 10:11:28.269,414.7358111831808,98
2024-09-17 10:11:28.289,414.7173055383415,98
2024-09-17 10:11:28.301,414.7249636472199,1003
2024-09-17 10:11:28.330,414.696650966738,995
2024-09-17 10:11:28.397,414.7305259965819,996
2024-09-17 10:11:28.450,414.6938628849721,999
2024-09-17 10:11:28.590,414.7101710611004,1004
2024-09-17 10:11:28.738,414.68195846135967,97
2024-09-17 10:11:28.751,414.719441481609,6
2024-09-17 10:11:28.753,414.7268003859013,101
2024-09-17 10:11:28.849,414.71374993534965,11
2024-09-17 10:11:28.863,414.6983393220656,1003
2024-09-17 10:11:28.882,414.7144504372839,101
2024-09-17 10:11:28.902,414.71275190156473,997
2024-09-17 10:11:29.022,414.69386868228855,100
2024-09-17 10:11:29.040,414.73133681859,999
2024-09-17 10:11:29.159,414.7109133485639,102
2024-09-17 10:11:29.202,414.70384853595306,1004
2024-09-17 10:11:29.248,414.7212849838724,7
2024-09-17 10:11:29.336,414.6856470294046,9
2024-09-17 10:11:29.446,414.7314969992533,103
2024-09-17 10:11:29.506,414.6886479793634,7
2024-09-17 10:11:29.510,414.6917930811592,5
2024-09-17 10:11:29.532,414.69274880114233,1003
2024-09-17 10:11:29.717,414.7593538338226,7
2024-09-17 10:11:29.749,414.7343780635176,996
2024-09-17 10:11:29.821,414.70026357825606,103
2024-09-17 10:11:29.838,414.6849565859226,15
2024-09-17 10:11:29.841,414.7316249110697,1003
2024-09-17 10:11:29.887,414.76729580313935,99
2024-09-17 10:11:29.973,414.70507926019445,7
2024-09-17 10:11:29.976,414.6997492750567,995
2024-09-17 10:11:30.069,414.7418535196729,105
2024-09-17 10:11:30.088,414.7433497631423,96
2024-09-17 10:11:30.207,414.714012500722,7
2024-09-17 10:11:30.209,414.7372180125348,99
2024-09-17 10:11:30.276,414.70756445951815,995
2024-09-17 10:11:30.308,414.7279150635424,8
2024-09-17 10:11:30.393,414.71470512938686,9
2024-09-17 10:11:30.470,414.7483079294648,1002
2024-09-17 10:11:30.492,414.742132179207,995
2024-09-17 10:11:30.663,414.6996179006691,996
2024-09-17 10:11:30.711,414.7375190279978,998
2024-09-17 10:11:30.730,414.7257297167305,999
2024-09-17 10:11:30.740,414.7224824014039,98
2024-09-17 10:11:30.805,414.7451194524419,6
2024-09-17 10:11:30.821,414.754627185813,997
2024-09-17 10:11:30.961,414.7248207080571,101
2024-09-17 10:11:31.020,414.77302615909485,10
2024-09-17 10:11:31.032,414.7603927558168,998
2024-09-17 10:11:31.107,414.7640067212601,98
2024-09-17 10:11:31.110,414.768957950338,996
2024-09-17 10:11:31.126,414.7508903700872,1001
2024-09-17 10:11:31.177,414.7486557406999,10
2024-09-17 10:11:31.222,414.6919829173329,1004
2024-09-17 10:11:31.250,414.68837578167125,14
2024-09-17 10:11:31.263,414.69610885112337,995
2024-09-17 10:11:31.317,414.7762466276212,995
2024-09-17 10:11:31.331,414.719756992033,99
2024-09-17 10:11:31.360,414.7319652516256,5
2024-09-17 10:11:31.394,414.7802568866405,997
2024-09-17 10:11:31.402,414.7607391574501,14
2024-09-17 10:11:31.446,414.7682810621737,95
2024-09-17 10:11:31.466,414.7354887206998,998
2024-09-17 10:11:31.498,414.7439180620213,104
2024-09-17 10:11:31.498,414.6968035870316,98
2024-09-17 10:11:31.545,414.75180887328185,997
2024-09-17 10:11:31.555,414.7693797035306,99
2024-09-17 10:11:31.634,414.7620451105067,98
2024-09-17 10:11:31.674,414.747538777726,997
2024-09-17 10:11:31.682,414.750331805274,10
2024-09-17 10:11:31.692,414.7914698408642,997
2024-09-17 10:11:31.696,414.7559395249572,97
2024-09-17 10:11:31.715,414.7533501051341,100
2024-09-17 10:11:31.825,414.761926258749,1002
2024-09-17 10:11:31.864,414.7322032996287,99
2024-09-17 10:11:31.882,414.7085428667328,11
2024-09-17 10:11:31.918,414.7721079898684,998
2024-09-17 10:11:32.036,414.6662223181643,99
2024-09-17 10:11:32.062,414.7161059072621,105
2024-09-17 10:11:32.341,414.7153947162181,103
2024-09-17 10:11:32.393,414.729572779806,15
2024-09-17 10:11:32.582,414.7340192700683,105
2024-09-17 10:11:32.601,414.6469930882167,1002
2024-09-17 10:11:32.647,414.7037957734401,11
2024-09-17 10:11:32.676,414.6830212418856,11
2024-09-17 10:11:32.709,414.742577985102,6
2024-09-17 10:11:32.806,414.6277501292592,1005
2024-09-17 10:11:32.957,414.736497220408,15
2024-09-17 10:11:32.968,414.6918152901415,10
2024-09-17 10:11:32.975,414.6577223967028,8
2024-09-17 10:11:32.989,414.6324450319914,95
2024-09-17 10:11:33.002,414.6064228384549,9
2024-09-17 10:11:33.091,414.6138126159011,7
2024-09-17 10:11:33.108,414.635189017254,5
2024-09-17 10:11:33.165,414.6444391740328,98
2024-09-17 10:11:33.188,414.6333502190562,97
2024-09-17 10:11:33.235,414.6204009869695,1003
2024-09-17 10:11:33.276,414.6147583075013,1005
2024-09-17 10:11:33.346,414.6215488917215,10
2024-09-17 10:11:33.413,414.6472275164694,101
2024-09-17 10:11:33.460,414.6345378693621,15
2024-09-17 10:11:33.553,414.619496749576,99
2024-09-17 10:11:33.597,414.653463695682,99
2024-09-17 10:11:33.629,414.67215900790296,13
2024-09-17 10:11:33.639,414.60506531241424,96
2024-09-17 10:11:33.656,414.60381943537953,9
2024-09-17 10:11:33.670,414.5820007887267,101
2024-09-17 10:11:33.670,414.6353664868351,1001
2024-09-17 10:11:33.690,414.63704519530535,997
2024-09-17 10:11:33.698,414.62874767447016,13
2024-09-17 10:11:33.737,414.619612302731,7
2024-09-17 10:11:33.741,414.64818669416064,104
2024-09-17 10:11:33.762,414.6489964240747,99
2024-09-17 10:11:33.777,414.6097372303952,11
2024-09-17 10:11:33.906,414.5835514824352,7
2024-09-17 10:11:34.099,414.52983548172017,10
2024-09-17 10:11:34.110,414.6313054362483,95
2024-09-17 10:11:34.119,414.5511241701154,15
2024-09-17 10:11:34.137,414.5827654029442,10
2024-09-17 10:11:34.269,414.612081293562,1004
2024-09-17 10:11:34.309,414.5594847229673,1002
2024-09-17 10:11:34.326,414.5247371611133,997
2024-09-17 10:11:34.386,414.50966110435087,97
2024-09-17 10:11:34.459,414.5412503443565,1004
2024-09-17 10:11:34.489,414.60773413300143,13
2024-09-17 10:11:34.494,414.6152509566799,12
2024-09-17 10:11:34.497,414.62160536746256,995
2024-09-17 10:11:34.564,414.6003933702236,105
2024-09-17 10:11:34.579,414.52098583070585,995
2024-09-17 10:11:34.629,414.5655348330384,6
2024-09-17 10:11:34.632,414.55231479683056,102
2024-09-17 10:11:34.672,414.6169708655635,102
2024-09-17 10:11:34.680,414.6156009904948,97
2024-09-17 10:11:34.703,414.60178750839816,105
2024-09-17 10:11:34.707,414.6109078146913,13
2024-09-17 10:11:34.716,414.6171303013502,996
2024-09-17 10:11:34.738,414.535100352603,104
2024-09-17 10:11:34.793,414.6056725065135,1004
2024-09-17 10:11:34.798,41.46297018826672,1002
2024-09-17 10:11:34.823,414.52508588801214,995
2024-09-17 10:11:34.836,414.5938219895365,96
2024-09-17 10:11:34.855,414.5199767214748,7
2024-09-17 10:11:34.969,414.59727269218587,95
2024-09-17 10:11:34.971,414.60342423635,99
2024-09-17 10:11:35.039,414.5822602088504,1004
2024-09-17 10:11:35.043,414.5626796022467,995
2024-09-17 10:11:35.148,414.532522645503,98
2024-09-17 10:11:35.185,414.5603125353662,999
2024-09-17 10:11:35.193,414.512303865976,95
2024-09-17 10:11:35.197,414.5313952025416,998
2024-09-17 10:11:35.235,414.5111583760904,101
2024-09-17 10:11:35.247,414.5366046253658,95
2024-09-17 10:11:35.332,414.5383326892367,97
2024-09-17 10:11:35.371,414.5232130269162,95
2024-09-17 10:11:35.402,414.5396462446576,12
2024-09-17 10:11:35.543,414.5279115657082,101
2024-09-17 10:11:35.546,414.5085723123406,14
2024-09-17 10:11:35.666,414.57227774230654,8
2024-09-17 10:11:35.667,414.5408378997204,1000
2024-09-17 10:11:35.732,414.52227400798427,1001
2024-09-17 10:11:35.740,414.51146050676994,102
2024-09-17 10:11:35.854,414.5039140796503,5
2024-09-17 10:11:35.928,414.5742827169173,6
2024-09-17 10:11:36.215,414.6006816529324,14
2024-09-17 10:11:36.392,414.590859292845,5
2024-09-17 10:11:36.526,414.6051822486761,102
2024-09-17 10:11:36.813,414.63230474032014,102
2024-09-17 10:11:37.302,414.6449354687293,1005
2024-09-17 10:11:37.357,414.6563313306173,98
2024-09-17 10:11:37.444,414.645088609034,95
2024-09-17 10:11:37.459,414.6457345075606,99
2024-09-17 10:11:37.488,414.6528591415558,999
2024-09-17 10:11:37.593,414.6445671347384,105
2024-09-17 10:11:38.018,414.5921620199361,997
2024-09-17 10:11:38.026,414.6272760858866,1000
2024-09-17 10:11:38.048,,10
2024-09-17 10:11:38.060,414.58649823331353,7
2024-09-17 10:11:38.159,414.6026340049799,1000
2024-09-17 10:11:38.215,414.5815444334196,105
2024-09-17 10:11:38.235,414.5705911946517,103
2024-09-17 10:11:38.269,414.5873531526016,9
2024-09-17 10:11:38.419,414.6608607078477,99
2024-09-17 10:11:38.514,414.58012252404393,14
2024-09-17 10:11:38.555,414.6260728543786,105
2024-09-17 10:11:38.561,41.459189094883385,999
2024-09-17 10:11:38.609,414.5849034294737,1001
2024-09-17 10:11:38.783,414.6043604502484,1003
2024-09-17 10:11:38.898,414.5729135690306,95
2024-09-17 10:11:38.947,414.5892614881048,999
2024-09-17 10:11:38.970,414.6307195088069,999
2024-09-17 10:11:39.021,414.5792736630022,95
2024-09-17 10:11:39.038,414.5878004667288,13
2024-09-17 10:11:39.044,414.5760407219824,995
2024-09-17 10:11:39.050,414.5463803441484,15
2024-09-17 10:11:39.136,414.6042800144712,8
2024-09-17 10:11:39.244,414.5732338669756,99
2024-09-17 10:11:39.262,414.5943833104333,101
2024-09-17 10:11:39.350,-414.5392233944874,96
2024-09-17 10:11:39.412,414.5827709518815,11
2024-09-17 10:11:39.435,414.55287505271775,11
2024-09-17 10:11:39.518,414.5507699196273,100
2024-09-17 10:11:39.534,414.5651144790396,98
2024-09-17 10:11:39.580,414.56814894097374,996
2024-09-17 10:11:39.581,414.5547429933854,96
2024-09-17 10:11:39.668,414.531743024923,5
2024-09-17 10:11:39.705,414.562914071505,7
2024-09-17 10:11:39.711,414.5561994853245,997
2024-09-17 10:11:39.714,414.5742127180294,98
2024-09-17 10:11:39.727,414.5428631008674,996
2024-09-17 10:11:39.802,414.5379606857687,7
2024-09-17 10:11:39.845,41.457326540355645,97
2024-09-17 10:11:39.848,414.5859840760104,8
2024-09-17 10:11:39.909,414.5663640552616,100
2024-09-17 10:11:40.054,414.5484529909935,10
2024-09-17 10:11:40.151,414.5794639448055,1000
2024-09-17 10:11:40.203,414.5490001095924,14
2024-09-17 10:11:40.216,414.6036743883008,7
2024-09-17 10:11:40.568,414.5855513106524,10
2024-09-17 10:11:40.726,414.5880643215428,995
2024-09-17 10:11:40.850,414.5955173428376,105
2024-09-17 10:11:40.863,414.541341013434,99
2024-09-17 10:11:40.966,414.5775567188191,997
2024-09-17 10:11:41.000,414.6216729694745,95
2024-09-17 10:11:41.039,414.598147619996,95
2024-09-17 10:11:41.074,414.5992196597956,5
2024-09-17 10:11:41.096,414.5737775623696,99
2024-09-17 10:11:41.116,414.5799696068957,104
2024-09-17 10:11:41.228,414.5799441778386,995
2024-09-17 10:11:41.240,414.63255193284255,98
2024-09-17 10:11:41.249,414.6315018394364,98
2024-09-17 10:11:41.335,414.5929505565604,99
2024-09-17 10:11:41.403,414.5927095373648,996
2024-09-17 10:11:41.510,414.6205316687947,1002
2024-09-17 10:11:41.588,414.5937916038198,1001
2024-09-17 10:11:41.647,414.6212359108977,98
2024-09-17 10:11:41.664,414.6348580796323,8
2024-09-17 10:11:41.690,414.5698907117186,13
2024-09-17 10:11:41.740,414.6314671137882,7
2024-09-17 10:11:41.990,414.6097419221349,1001
2024-09-17 10:11:42.006,414.6100161550933,8
2024-09-17 10:11:42.078,414.53582080249487,100
2024-09-17 10:11:42.097,414.6045836289621,7
2024-09-17 10:11:42.154,414.6056906217773,104
2024-09-17 10:11:42.176,414.60675677032015,14
2024-09-17 10:11:42.255,414.60054981606174,97
2024-09-17 10:11:42.268,414.6015556736018,10
2024-09-17 10:11:42.337,414.5858182930231,12
2024-09-17 10:11:42.337,414.6131943797774,1005
2024-09-17 10:11:42.346,414.55289194933295,13
2024-09-17 10:11:42.356,414.5406286946622,97
2024-09-17 10:11:42.356,414.5204832269742,1004
2024-09-17 10:11:42.376,414.59911736669903,1001
2024-09-17 10:11:42.389,414.5856884426502,99
2024-09-17 10:11:42.437,414.5903463542685,13
2024-09-17 10:11:42.494,414.5639121290874,10
2024-09-17 10:11:42.530,414.5388515485513,96
2024-09-17 10:11:42.598,414.6030315647409,100
2024-09-17 10:11:42.625,414.53828564404586,14
2024-09-17 10:11:42.659,414.574128880936,1004
2024-09-17 10:11:42.684,414.6092867386888,996
2024-09-17 10:11:42.727,414.5415424956245,6
2024-09-17 10:11:42.750,414.6041802461145,104
2024-09-17 10:11:42.847,414.53076414044045,102
2024-09-17 10:11:42.906,414.587672206414,103
2024-09-17 10:11:42.943,414.5735230063067,999
2024-09-17 10:11:43.059,414.5645154853618,95
2024-09-17 10:11:43.073,414.66619122967313,6
2024-09-17 10:11:43.153,414.6039491530449,14
2024-09-17 10:11:43.216,414.6172634817953,14
2024-09-17 10:11:43.248,414.5668704299433,103
2024-09-17 10:11:43.249,414.62555676675896,997
2024-09-17 10:11:43.255,414.6394582525658,10
2024-09-17 10:11:43.355,414.6306084989885,1003
2024-09-17 10:11:43.358,414.639933710798,7
2024-09-17 10:11:43.415,414.6383372197206,996
2024-09-17 10:11:43.462,414.5484675341556,98
2024-09-17 10:11:43.466,414.6063895793331,11
2024-09-17 10:11:43.489,414.65311261251975,5
2024-09-17 10:11:43.561,414.63506903954766,1005
2024-09-17 10:11:43.650,414.6248175848961,100
2024-09-17 10:11:43.743,414.6459144059327,998
2024-09-17 10:11:43.753,414.6631973105456,101
2024-09-17 10:11:43.829,414.5914854819694,1002
2024-09-17 10:11:43.863,414.5564641109241,102
2024-09-17 10:11:43.873,414.6344284586361,13
2024-09-17 10:11:43.877,414.6676037058114,11
2024-09-17 10:11:43.892,414.6255950030442,1004
2024-09-17 10:11:43.896,414.6271661386982,7
2024-09-17 10:11:43.908,414.5618303302927,14
2024-09-17 10:11:43.913,414.5910852039346,7
2024-09-17 10:11:44.295,414.6360187396225,103
2024-09-17 10:11:44.657,414.6331471804359,12
2024-09-17 10:11:44.825,414.62074560580567,96
2024-09-17 10:11:44.889,414.6249328382266,1004
2024-09-17 10:11:45.098,414.65160601068993,11
2024-09-17 10:11:45.183,414.6288585164546,12
2024-09-17 10:11:45.246,414.6258166551387,97
2024-09-17 10:11:45.354,414.62038338485286,105
2024-09-17 10:11:45.367,414.6154426093628,1003
2024-09-17 10:11:45.408,414.64598984203707,1001
2024-09-17 10:11:45.467,-414.6289403472893,1005
2024-09-17 10:11:45.472,414.6069156341201,11
2024-09-17 10:11:45.509,414.6299904302746,100
2024-09-17 10:11:45.583,414.6387602427808,99
2024-09-17 10:11:45.935,414.624240869623,7
2024-09-17 10:11:45.945,414.6196808084497,103
2024-09-17 10:11:46.031,414.62518082809066,5
2024-09-17 10:11:46.046,414.6018770882108,5
2024-09-17 10:11:46.064,414.581707413459,97
2024-09-17 10:11:46.065,414.6079102835735,1005
2024-09-17 10:11:46.077,414.576557757312,100
2024-09-17 10:11:46.120,414.640572736236,12
2024-09-17 10:11:46.139,414.5899491966456,998
2024-09-17 10:11:46.152,414.6570641605314,103
2024-09-17 10:11:46.230,414.58445030950713,998
2024-09-17 10:11:46.251,414.6167302360592,997
2024-09-17 10:11:46.271,414.5758803786047,998
2024-09-17 10:11:46.314,-41.46490213970435,15
2024-09-17 10:11:46.351,414.6463112805224,7
2024-09-17 10:11:46.358,414.6474463946238,101
2024-09-17 10:11:46.373,414.6306983727801,7
2024-09-17 10:11:46.461,414.5797362758887,995
2024-09-17 10:11:46.562,414.587547108383,5
2024-09-17 10:11:46.659,414.65107629188543,103
2024-09-17 10:11:46.723,414.6379030825113,98
2024-09-17 10:11:46.787,414.6566324669034,96
2024-09-17 10:11:46.817,414.6577712116705,6
2024-09-17 10:11:46.840,414.64162580745074,100
2024-09-17 10:11:46.847,414.6707299009283,96
2024-09-17 10:11:46.895,414.6039932376996,99
2024-09-17 10:11:46.903,414.6058913053576,5
2024-09-17 10:11:46.925,414.5854499487498,1003
2024-09-17 10:11:46.999,414.6120849869129,102
2024-09-17 10:11:47.042,414.5952021583816,12
2024-09-17 10:11:47.083,414.5681477295864,1004
2024-09-17 10:11:47.130,414.55940434409706,997
2024-09-17 10:11:47.218,414.5794939800759,14
2024-09-17 10:11:47.394,414.5995769849792,9
2024-09-17 10:11:47.396,414.56859479308434,101
2024-09-17 10:11:47.482,414.57588979228575,998
2024-09-17 10:11:47.613,414.5895933478516,100
2024-09-17 10:11:47.772,414.5811055079293,6
2024-09-17 10:11:47.790,414.5907076429315,1005
2024-09-17 10:11:47.795,414.5767855922337,98
2024-09-17 10:11:47.849,414.5944574499764,100
2024-09-17 10:11:47.855,414.61604166773645,97
2024-09-17 10:11:47.874,414.5925318535853,103
2024-09-17 10:11:47.883,414.6332556404011,1003
2024-09-17 10:11:47.920,414.6131152328723,98
2024-09-17 10:11:47.991,414.60508761415787,999
2024-09-17 10:11:48.563,414.5511615075639,1004
2024-09-17 10:11:49.047,414.5664707148366,12
2024-09-17 10:11:49.182,414.61499132522033,103
2024-09-17 10:11:49.204,414.6496337649585,1003
2024-09-17 10:11:49.205,414.6586730060192,98
2024-09-17 10:11:49.252,414.6538997371144,95
2024-09-17 10:11:49.386,414.6354813588555,999
2024-09-17 10:11:49.453,414.5996743030413,15
2024-09-17 10:11:49.477,414.59270130076345,996
2024-09-17 10:11:49.526,414.6452815800138,997
2024-09-17 10:11:49.658,414.54835298498654,997
2024-09-17 10:11:49.674,414.645318375848,997
2024-09-17 10:11:49.760,414.6194844321486,996
2024-09-17 10:11:49.854,414.6071230777282,104
2024-09-17 10:11:49.872,414.6275724799438,999
2024-09-17 10:11:49.896,414.6265550009502,1000
2024-09-17 10:11:49.946,414.6590296396224,12
2024-09-17 10:11:49.969,414.5982273760038,1004
2024-09-17 10:11:49.982,414.6164137080187,8
2024-09-17 10:11:50.032,414.6671084379688,99
2024-09-17 10:11:50.697,414.6641350674559,1002
2024-09-17 10:11:50.746,414.6663030288672,8
2024-09-17 10:11:51.000,41.46645710919193,102
2024-09-17 10:11:51.001,414.6640566468104,97
2024-09-17 10:11:51.300,414.67253075865136,97
2024-09-17 10:11:51.338,414.6690154403946,96
2024-09-17 10:11:51.395,414.6680536808427,100
2024-09-17 10:11:51.516,414.670611078022,1002
2024-09-17 10:11:51.571,414.6818378159819,6
2024-09-17 10:11:51.635,414.6568127611066,96
2024-09-17 10:11:51.665,414.652281816641,6
2024-09-17 10:11:51.716,414.6656518209497,10
2024-09-17 10:11:51.927,414.6651318683751,1001
2024-09-17 10:11:52.074,414.7189821828684,105
2024-09-17 10:11:52.122,414.6779487132305,103
2024-09-17 10:11:52.174,414.7398909690037,8
2024-09-17 10:11:52.272,414.7242310419796,7
2024-09-17 10:11:52.312,414.7275090659977,13
2024-09-17 10:11:52.334,414.7110500937465,1000
2024-09-17 10:11:52.336,414.7413446243278,1001
2024-09-17 10:11:52.364,41.471448854716,999
2024-09-17 10:11:52.370,414.7130812386759,105
2024-09-17 10:11:52.387,414.7310150698611,996
2024-09-17 10:11:52.406,,10
2024-09-17 10:11:52.489,,6
2024-09-17 10:11:52.556,414.7262853967509,104
2024-09-17 10:11:52.562,414.76083129410296,9
2024-09-17 10:11:52.570,414.7741134294015,11
2024-09-17 10:11:52.591,414.72867284024846,7
2024-09-17 10:11:52.641,414.7288797056833,1001
2024-09-17 10:11:52.686,414.74617475989874,15
2024-09-17 10:11:52.714,414.7021869384824,997
2024-09-17 10:11:52.771,414.7252122164979,97
2024-09-17 10:11:52.782,414.7676291384675,11
2024-09-17 10:11:52.814,414.7227467676173,105
2024-09-17 10:11:52.879,414.6933206283005,1003
2024-09-17 10:11:53.098,414.66014596995046,104
2024-09-17 10:11:53.119,414.6137621086116,10
2024-09-17 10:11:53.130,414.5727010623351,1000
2024-09-17 10:11:53.192,414.5964403329798,5
2024-09-17 10:11:53.196,414.59471279485,998
2024-09-17 10:11:53.264,414.6550222654679,997
2024-09-17 10:11:53.270,414.6434871233626,103
2024-09-17 10:11:53.300,414.5775395575373,95
2024-09-17 10:11:53.381,414.59048837048726,1003
2024-09-17 10:11:53.446,414.609026319548,12
2024-09-17 10:11:53.465,414.5818936965716,11
2024-09-17 10:11:53.521,414.6790908216456,995
2024-09-17 10:11:53.611,414.69707602875263,96
2024-09-17 10:11:53.635,414.60556992696735,995
2024-09-17 10:11:53.650,414.67051911423255,1001
2024-09-17 10:11:53.710,414.66636002474905,11
2024-09-17 10:11:53.720,414.7122158178905,95
2024-09-17 10:11:53.737,414.5797707711136,999
2024-09-17 10:11:53.757,414.645531962344,1002
2024-09-17 10:11:53.782,414.5948956775981,100
2024-09-17 10:11:53.798,414.6456912997397,998
2024-09-17 10:11:53.856,414.6153326352759,14
2024-09-17 10:11:53.857,414.6411516050007,1000
2024-09-17 10:11:53.868,414.63650683852455,103
2024-09-17 10:11:53.878,414.6581362698884,11
2024-09-17 10:11:53.904,414.6013524815497,13
2024-09-17 10:11:53.935,414.63301935846414,97
2024-09-17 10:11:53.944,414.6123862234611,104
2024-09-17 10:11:54.104,414.6001090897098,8
2024-09-17 10:11:54.270,414.5879602340681,103
2024-09-17 10:11:54.362,414.51967666487,14
2024-09-17 10:11:54.374,414.584403236373,8
2024-09-17 10:11:54.442,414.5344974984148,1002
2024-09-17 10:11:54.476,414.5702480322282,995
2024-09-17 10:11:54.517,414.5334841861191,996
2024-09-17 10:11:54.544,414.5176402997722,9
2024-09-17 10:11:54.605,414.59776875862553,1002
2024-09-17 10:11:54.749,414.61055126139775,15
2024-09-17 10:11:54.815,414.5796737086984,1001
2024-09-17 10:11:54.820,-414.552493088301,5
2024-09-17 10:11:54.867,414.5916748327282,1002
2024-09-17 10:11:54.943,414.5835243832866,97
2024-09-17 10:11:55.218,414.4948926617916,1000
2024-09-17 10:11:55.432,414.512078772527,5
2024-09-17 10:11:55.598,414.5062300558216,999
2024-09-17 10:11:55.838,414.511345046819,7
2024-09-17 10:11:55.902,414.5144279418682,101
2024-09-17 10:11:56.000,414.519207636003,15
2024-09-17 10:11:56.001,414.4917523203114,96
2024-09-17 10:11:56.101,-414.5165580901796,1003
2024-09-17 10:11:56.117,414.530525948675,11
2024-09-17 10:11:56.251,414.4806394887602,1005
2024-09-17 10:11:56.296,414.493553382942,15
2024-09-17 10:11:56.300,414.4983906846167,101
2024-09-17 10:11:56.322,414.5172542375005,8
2024-09-17 10:11:56.463,414.5137782325504,995
2024-09-17 10:11:56.478,414.521480856044,8
2024-09-17 10:11:56.495,,102
2024-09-17 10:11:56.555,414.5392516471649,11
2024-09-17 10:11:56.574,414.49073081368266,998
2024-09-17 10:11:56.574,414.5361357077856,14
2024-09-17 10:11:56.581,414.5054172499866,99
2024-09-17 10:11:56.612,414.5091235040819,999
2024-09-17 10:11:56.684,414.4936022334772,12
2024-09-17 10:11:56.685,414.5011562811225,999
2024-09-17 10:11:56.714,414.4828406766747,98
2024-09-17 10:11:56.730,414.47583041461655,12
2024-09-17 10:11:56.742,414.5309697392576,99
2024-09-17 10:11:56.761,414.4977000758125,98
2024-09-17 10:11:56.854,414.5341648816526,102
2024-09-17 10:11:56.863,414.5130672335169,102
2024-09-17 10:11:57.041,414.51688335165306,1005
2024-09-17 10:11:57.187,414.5287569022448,1003
2024-09-17 10:11:57.349,414.5139742041004,13
2024-09-17 10:11:57.569,414.5282065017965,14
2024-09-17 10:11:57.870,414.5115260941757,9
2024-09-17 10:11:57.902,414.49534428322187,14
2024-09-17 10:11:57.968,414.5277947634393,8
2024-09-17 10:11:58.047,414.5080358216933,996
2024-09-17 10:11:58.073,414.4953460772348,105
2024-09-17 10:11:58.148,414.4960444225607,1001
2024-09-17 10:11:58.269,414.48521424082367,995
2024-09-17 10:11:58.315,414.4958447356354,97
2024-09-17 10:11:58.330,414.4919714700097,5
2024-09-17 10:11:58.413,414.5005919367629,1001
2024-09-17 10:11:58.682,414.4932114774656,1000
2024-09-17 10:11:58.708,414.50777201351616,999
2024-09-17 10:11:58.784,414.5137272684318,10
2024-09-17 10:11:58.817,414.4789878516184,1002
2024-09-17 10:11:58.916,414.4780963420598,1002
2024-09-17 10:11:58.945,414.5089645030957,7
2024-09-17 10:11:58.983,414.50405928561577,1004
2024-09-17 10:11:59.005,414.4624577373285,995
2024-09-17 10:11:59.065,414.49189388464674,6
2024-09-17 10:11:59.071,414.49097006700975,96
2024-09-17 10:11:59.101,414.4775256253864,104
2024-09-17 10:11:59.319,414.47570654921424,10
2024-09-17 10:11:59.477,414.48772994014473,995
2024-09-17 10:11:59.487,414.4792640631173,102
2024-09-17 10:11:59.495,414.4530084179698,10
2024-09-17 10:11:59.541,414.4863058277509,102
2024-09-17 10:11:59.567,414.4694948051379,98
2024-09-17 10:11:59.818,414.46616938954753,9
2024-09-17 10:11:59.831,414.5192818801194,1004
