Timestamp,Price,Size
2024-09-18 10:09:00.010,408.9529250385282,1005
2024-09-18 10:09:00.030,408.9551699754993,997
2024-09-18 10:09:00.056,408.97778565970447,101
2024-09-18 10:09:00.082,40.897453244418855,1001
2024-09-18 10:09:00.092,408.9616489692559,104
2024-09-18 10:09:00.185,408.9761924291358,8
2024-09-18 10:09:00.239,409.0004780388084,1002
2024-09-18 10:09:00.244,408.99533588844577,11
2024-09-18 10:09:00.317,408.94321023546325,12
2024-09-18 10:09:00.329,408.9740579105246,998
2024-09-18 10:09:00.794,408.9602254361661,103
2024-09-18 10:09:00.800,408.99567143997774,102
2024-09-18 10:09:00.985,408.9612323994119,1000
2024-09-18 10:09:01.001,408.9804397093226,100
2024-09-18 10:09:01.058,408.98177757387936,996
2024-09-18 10:09:01.104,408.9738752851714,10
2024-09-18 10:09:01.119,408.96500753648166,103
2024-09-18 10:09:01.193,408.94755074694814,5
2024-09-18 10:09:01.296,408.9620426134514,95
2024-09-18 10:09:01.371,408.9756561570328,101
2024-09-18 10:09:01.425,-408.95642168755546,100
2024-09-18 10:09:01.437,408.9836593810583,98
2024-09-18 10:09:01.511,408.97723472621874,1004
2024-09-18 10:09:01.519,408.9603437669142,104
2024-09-18 10:09:01.609,408.9814823562313,105
2024-09-18 10:09:01.614,408.9943462059988,100
2024-09-18 10:09:01.628,408.968876559005,10
2024-09-18 10:09:01.631,408.9691919819672,6
2024-09-18 10:09:01.636,408.9678532783242,15
2024-09-18 10:09:01.646,408.9823008758699,1001
2024-09-18 10:09:01.680,408.9915922832223,1000
2024-09-18 10:09:01.744,408.9672241603852,10
2024-09-18 10:09:01.772,408.98170076744367,100
2024-09-18 10:09:01.781,408.983971288696,5
2024-09-18 10:09:01.817,408.9479272827388,14
2024-09-18 10:09:01.857,408.9555747948349,996
2024-09-18 10:09:01.919,408.9812513909776,101
2024-09-18 10:09:02.034,408.9325370818804,998
2024-09-18 10:09:02.043,408.9170545941811,1000
2024-09-18 10:09:02.173,408.8903658892032,1001
2024-09-18 10:09:02.227,408.9154414956993,99
2024-09-18 10:09:02.337,408.9238778685941,1004
2024-09-18 10:09:02.426,408.9001180801317,96
2024-09-18 10:09:02.457,408.86598718842856,13
2024-09-18 10:09:02.735,408.9061275314128,101
2024-09-18 10:09:02.778,408.888375380415,11
2024-09-18 10:09:02.802,408.8985819286319,11
2024-09-18 10:09:02.832,408.9441823912284,999
2024-09-18 10:09:03.044,408.8436074095202,999
2024-09-18 10:09:03.048,408.8982075946864,7
2024-09-18 10:09:03.082,408.8761790617253,12
2024-09-18 10:09:03.083,408.8720712462985,96
2024-09-18 10:09:03.108,408.8731949808817,1005
2024-09-18 10:09:03.121,408.8483074659624,9
2024-09-18 10:09:03.127,408.83338080463415,104
2024-09-18 10:09:03.153,408.8750000427981,105
2024-09-18 10:09:03.206,408.8978422164688,996
2024-09-18 10:09:03.217,408.8948914093879,15
2024-09-18 10:09:03.324,408.8763401300073,95
2024-09-18 10:09:03.372,408.81819089133694,103
2024-09-18 10:09:03.481,408.8930960992482,999
2024-09-18 10:09:03.522,408.87619253769685,5
2024-09-18 10:09:03.539,408.88386619168375,9
2024-09-18 10:09:03.552,408.8928463055373,5
2024-09-18 10:09:03.761,408.8933329046395,996
2024-09-18 10:09:03.798,408.8887714511125,6
2024-09-18 10:09:03.807,408.83917695208834,1001
2024-09-18 10:09:03.849,408.8380003147956,1005
2024-09-18 10:09:03.904,,9
2024-09-18 10:09:03.940,408.89958545109977,1005
2024-09-18 10:09:04.001,408.8718861757533,98
2024-09-18 10:09:04.010,408.8456703621567,102
2024-09-18 10:09:04.032,408.8310428238205,103
2024-09-18 10:09:04.072,408.8152804246463,13
2024-09-18 10:09:04.116,408.8092303262064,1004
2024-09-18 10:09:04.155,408.82712222570666,104
2024-09-18 10:09:04.161,408.8237585771767,101
2024-09-18 10:09:04.164,408.84465408021697,996
2024-09-18 10:09:04.204,408.79615335980617,7
2024-09-18 10:09:04.211,408.8213763420733,11
2024-09-18 10:09:04.227,408.8167544472229,98
2024-09-18 10:09:04.281,408.8075763489371,6
2024-09-18 10:09:04.302,408.8106297643424,1001
2024-09-18 10:09:04.314,408.7965454332394,99
2024-09-18 10:09:04.349,,1005
2024-09-18 10:09:04.353,408.8321901605639,100
2024-09-18 10:09:04.402,408.8275465861048,15
2024-09-18 10:09:04.407,408.833649742763,105
2024-09-18 10:09:04.413,408.8437697681992,14
2024-09-18 10:09:04.458,408.8157588461539,1002
2024-09-18 10:09:04.467,408.8368345066353,1005
2024-09-18 10:09:04.502,408.8577389947232,12
2024-09-18 10:09:04.638,408.8186295322787,15
2024-09-18 10:09:04.837,408.8424285015295,100
2024-09-18 10:09:04.883,-408.8340971228809,1000
2024-09-18 10:09:04.909,408.8301431117691,1003
2024-09-18 10:09:04.936,408.88507327833867,5
2024-09-18 10:09:04.947,,7
2024-09-18 10:09:04.952,408.8138916932896,1005
2024-09-18 10:09:04.966,408.80707222958745,14
2024-09-18 10:09:05.012,408.892990454514,1002
2024-09-18 10:09:05.018,408.886129031151,97
2024-09-18 10:09:05.084,408.9173184880669,1002
2024-09-18 10:09:05.087,408.8850366137144,10
2024-09-18 10:09:05.089,408.9367616867687,12
2024-09-18 10:09:05.112,,102
2024-09-18 10:09:05.130,408.9044946500645,102
2024-09-18 10:09:05.198,408.88563426498894,10
2024-09-18 10:09:05.223,408.90550495528913,13
2024-09-18 10:09:05.237,408.8758139208165,14
2024-09-18 10:09:05.240,408.90401654850535,101
2024-09-18 10:09:05.262,408.9093679979624,997
2024-09-18 10:09:05.264,408.9155267373832,997
2024-09-18 10:09:05.308,408.8752750243845,1004
2024-09-18 10:09:05.353,408.9082913361144,101
2024-09-18 10:09:05.369,408.9112722710786,13
2024-09-18 10:09:05.443,408.8807579527839,1001
2024-09-18 10:09:05.455,408.88914535918775,996
2024-09-18 10:09:05.567,408.85813122734186,996
2024-09-18 10:09:05.601,408.9033858446742,5
2024-09-18 10:09:05.624,408.86429366294624,10
2024-09-18 10:09:05.814,408.9062231164139,998
2024-09-18 10:09:05.833,408.9213480510629,95
2024-09-18 10:09:05.897,408.89303950717766,1005
2024-09-18 10:09:05.911,408.8767079215002,9
2024-09-18 10:09:05.917,408.9180631975692,8
2024-09-18 10:09:06.009,408.98735101352577,1005
2024-09-18 10:09:06.192,408.9694511675745,6
2024-09-18 10:09:06.225,408.9595339180892,102
2024-09-18 10:09:06.242,408.9584129166287,96
2024-09-18 10:09:06.261,408.95152261118034,6
2024-09-18 10:09:06.332,408.9329890972448,1003
2024-09-18 10:09:06.342,408.97166938325927,8
2024-09-18 10:09:06.404,408.9508531897612,7
2024-09-18 10:09:06.563,408.9521348293852,996
2024-09-18 10:09:06.665,408.9433961468937,10
2024-09-18 10:09:06.838,408.9370883890743,105
2024-09-18 10:09:06.852,408.9579497125104,101
2024-09-18 10:09:07.099,408.9492600822057,95
2024-09-18 10:09:07.151,,103
2024-09-18 10:09:07.173,408.9631925992071,1002
2024-09-18 10:09:07.216,408.96811114854887,1001
2024-09-18 10:09:07.234,408.96053478188463,995
2024-09-18 10:09:07.241,408.9467613382302,6
2024-09-18 10:09:07.328,408.9542383080909,104
2024-09-18 10:09:07.341,408.9538937613046,995
2024-09-18 10:09:07.347,408.9450703825888,995
2024-09-18 10:09:07.382,408.94948748394006,98
2024-09-18 10:09:07.529,408.9764448639086,98
2024-09-18 10:09:07.632,408.9512568250719,1003
2024-09-18 10:09:07.673,408.95874982239536,1002
2024-09-18 10:09:07.697,408.9485109624112,10
2024-09-18 10:09:07.721,408.9521630681241,10
2024-09-18 10:09:07.768,408.9690358900977,999
2024-09-18 10:09:07.796,408.9826938487482,999
2024-09-18 10:09:07.848,408.9455299887379,1000
2024-09-18 10:09:07.868,408.9360918980027,105
2024-09-18 10:09:07.906,408.9365508243661,1004
2024-09-18 10:09:07.913,408.95943904082657,1003
2024-09-18 10:09:07.923,408.9616913465358,99
2024-09-18 10:09:07.963,408.96952166015024,13
2024-09-18 10:09:08.179,408.95536163739433,99
2024-09-18 10:09:08.232,408.91319459112526,100
2024-09-18 10:09:08.438,408.9347645607365,1003
2024-09-18 10:09:08.454,408.9374819222833,95
2024-09-18 10:09:08.515,408.9293568455101,997
2024-09-18 10:09:09.034,408.99706328165047,1002
2024-09-18 10:09:09.054,408.91809862589554,11
2024-09-18 10:09:09.095,408.9951528802749,15
2024-09-18 10:09:09.133,408.98278063514414,15
2024-09-18 10:09:09.144,408.9461066728671,9
2024-09-18 10:09:09.257,408.9432122225669,999
2024-09-18 10:09:09.320,408.9821824675278,1002
2024-09-18 10:09:09.325,408.9596262948584,98
2024-09-18 10:09:09.391,408.9443516168153,8
2024-09-18 10:09:09.409,408.9756896837467,97
2024-09-18 10:09:09.426,40.89643285523326,12
2024-09-18 10:09:09.431,408.9822853542989,15
2024-09-18 10:09:09.455,408.9870336660391,99
2024-09-18 10:09:09.589,408.9750961682997,999
2024-09-18 10:09:09.670,408.9837363576264,996
2024-09-18 10:09:09.777,408.9924631333216,996
2024-09-18 10:09:09.780,408.9926881429255,9
2024-09-18 10:09:09.814,408.99443777773536,996
2024-09-18 10:09:09.823,409.00118067211616,11
2024-09-18 10:09:09.879,408.947485224674,1005
2024-09-18 10:09:09.896,408.9454988891309,13
2024-09-18 10:09:09.903,408.9590499395685,1003
2024-09-18 10:09:09.916,408.95572292342007,13
2024-09-18 10:09:09.932,408.9548556653722,15
2024-09-18 10:09:09.954,408.98781991065545,1001
2024-09-18 10:09:09.987,408.9387723513564,9
2024-09-18 10:09:10.006,408.9334541933907,96
2024-09-18 10:09:10.113,408.9123819307663,102
2024-09-18 10:09:10.187,408.8976044351306,10
2024-09-18 10:09:10.210,408.95406085845775,105
2024-09-18 10:09:10.242,408.8846513134038,95
2024-09-18 10:09:10.249,,996
2024-09-18 10:09:10.268,408.9548874733193,14
2024-09-18 10:09:10.303,408.912627019389,11
2024-09-18 10:09:10.397,408.9068637077456,1002
2024-09-18 10:09:10.433,408.87963650551416,7
2024-09-18 10:09:10.472,408.895429400153,8
2024-09-18 10:09:10.476,408.9534383556063,12
2024-09-18 10:09:10.507,408.89757219165546,997
2024-09-18 10:09:10.553,408.8891175944718,7
2024-09-18 10:09:10.596,408.8756397207732,9
2024-09-18 10:09:10.614,408.9173178135781,10
2024-09-18 10:09:10.643,408.88510214025575,1003
2024-09-18 10:09:10.742,408.9113229526093,10
2024-09-18 10:09:10.769,408.9143201643204,996
2024-09-18 10:09:10.864,408.91985184147865,96
2024-09-18 10:09:11.042,408.9007741358124,1004
2024-09-18 10:09:11.070,408.88486031549024,997
2024-09-18 10:09:11.078,40.88890255280036,104
2024-09-18 10:09:11.153,-408.86183410465605,15
2024-09-18 10:09:11.184,408.9050853388312,100
2024-09-18 10:09:11.271,40.88886704096459,105
2024-09-18 10:09:11.404,408.8878819832341,997
2024-09-18 10:09:11.696,408.8975173028239,13
2024-09-18 10:09:11.759,408.9126691212365,96
2024-09-18 10:09:11.794,-408.8881520826528,998
2024-09-18 10:09:11.814,408.8773243825901,1002
2024-09-18 10:09:11.868,408.8827605736584,1005
2024-09-18 10:09:11.944,408.879369449999,996
2024-09-18 10:09:11.953,408.8808018862521,95
2024-09-18 10:09:12.014,408.9202283104726,1000
2024-09-18 10:09:12.033,408.9238842966514,998
2024-09-18 10:09:12.053,408.9190277650514,996
2024-09-18 10:09:12.087,408.9604019109384,101
2024-09-18 10:09:12.140,,14
2024-09-18 10:09:12.155,408.9293731434698,5
2024-09-18 10:09:12.224,408.9351324702829,998
2024-09-18 10:09:12.240,408.9276172318396,1000
2024-09-18 10:09:12.279,408.9004801537102,99
2024-09-18 10:09:12.307,408.9459730535065,14
2024-09-18 10:09:12.325,408.9336297008921,1003
2024-09-18 10:09:12.412,408.93433377706367,102
2024-09-18 10:09:12.491,408.9436008402012,1002
2024-09-18 10:09:12.621,408.9418588267202,6
2024-09-18 10:09:12.646,408.9345213464977,1004
2024-09-18 10:09:12.679,408.919488225136,100
2024-09-18 10:09:12.699,408.9281065250258,5
2024-09-18 10:09:12.757,408.93059587804015,1000
2024-09-18 10:09:12.759,408.94307481756806,97
2024-09-18 10:09:12.781,408.9555948100162,997
2024-09-18 10:09:12.789,408.9203039112529,13
2024-09-18 10:09:12.818,408.9348800554576,102
2024-09-18 10:09:12.828,408.9311497834374,996
2024-09-18 10:09:12.881,408.9279904682948,101
2024-09-18 10:09:12.888,408.9012358377074,15
2024-09-18 10:09:12.986,408.9158210923196,1005
2024-09-18 10:09:12.999,408.9267929395056,1001
2024-09-18 10:09:13.072,408.9388286350876,96
2024-09-18 10:09:13.290,408.8939378485141,1004
2024-09-18 10:09:13.396,408.9350649597591,97
2024-09-18 10:09:13.483,408.89395605912927,999
2024-09-18 10:09:13.487,408.9357358083111,7
2024-09-18 10:09:13.487,408.8949984937961,996
2024-09-18 10:09:13.532,408.9139237687972,1004
2024-09-18 10:09:13.592,408.8918968824141,15
2024-09-18 10:09:13.605,408.9227607491045,1002
2024-09-18 10:09:13.635,,12
2024-09-18 10:09:13.647,408.9057985407085,103
2024-09-18 10:09:13.663,408.941418110059,998
2024-09-18 10:09:13.724,408.9105861578383,103
2024-09-18 10:09:13.787,408.9422131047118,998
2024-09-18 10:09:13.800,408.9103934398313,996
2024-09-18 10:09:13.836,408.9010535117934,997
2024-09-18 10:09:13.837,408.9061064282168,10
2024-09-18 10:09:13.859,408.93873116237353,5
2024-09-18 10:09:13.890,408.9054872378832,15
2024-09-18 10:09:13.977,408.9178912966437,1004
2024-09-18 10:09:13.980,408.9296090858088,101
2024-09-18 10:09:14.009,408.95875489532176,12
2024-09-18 10:09:14.089,408.9184944916429,7
2024-09-18 10:09:14.092,408.8924991312877,9
2024-09-18 10:09:14.223,408.9739844749611,1004
2024-09-18 10:09:14.272,408.9634794317189,1002
2024-09-18 10:09:14.290,408.96894490910415,15
2024-09-18 10:09:14.328,408.9099808822505,98
2024-09-18 10:09:14.330,408.9333374645763,102
2024-09-18 10:09:14.350,408.9191572325279,97
2024-09-18 10:09:14.372,408.9622851582853,7
2024-09-18 10:09:14.400,408.9529767122544,1005
2024-09-18 10:09:14.430,408.9263283857195,1003
2024-09-18 10:09:14.436,408.96151303821546,11
2024-09-18 10:09:14.486,408.95557446474055,9
2024-09-18 10:09:14.517,408.94601006519326,998
2024-09-18 10:09:14.674,408.9545199037918,98
2024-09-18 10:09:14.691,408.9089615774727,15
2024-09-18 10:09:14.734,408.90034834268096,996
2024-09-18 10:09:14.761,408.95533472764055,6
2024-09-18 10:09:14.852,408.9036009484922,100
2024-09-18 10:09:14.935,408.9478251752746,1004
2024-09-18 10:09:14.962,408.9448773146805,11
2024-09-18 10:09:15.019,408.9755962509096,100
2024-09-18 10:09:15.020,408.9504252812651,105
2024-09-18 10:09:15.020,408.926322562817,9
2024-09-18 10:09:15.166,408.9336069938337,9
2024-09-18 10:09:15.254,408.9878663962997,9
2024-09-18 10:09:15.259,408.9322894211127,1004
2024-09-18 10:09:15.393,408.9839718614057,96
2024-09-18 10:09:15.436,408.962834456836,14
2024-09-18 10:09:15.496,-408.9388473541207,14
2024-09-18 10:09:15.595,408.9497474893877,9
2024-09-18 10:09:15.761,408.9260532142486,10
2024-09-18 10:09:15.796,,104
2024-09-18 10:09:15.816,408.9339131777501,1000
2024-09-18 10:09:15.821,408.95300947079824,95
2024-09-18 10:09:15.878,408.9334079461527,996
2024-09-18 10:09:16.243,408.9269163086002,999
2024-09-18 10:09:16.274,408.92548994478886,6
2024-09-18 10:09:16.301,408.9286015048589,96
2024-09-18 10:09:16.513,408.9276369180861,104
2024-09-18 10:09:16.544,408.9402962264589,13
2024-09-18 10:09:16.559,408.933616369322,6
2024-09-18 10:09:16.628,408.9476799074958,10
2024-09-18 10:09:16.750,408.9327749541362,15
2024-09-18 10:09:17.058,408.9239355887426,14
2024-09-18 10:09:17.250,408.91885024631074,13
2024-09-18 10:09:17.444,408.9207917582164,105
2024-09-18 10:09:17.449,408.9263273313122,9
2024-09-18 10:09:17.464,408.9473632644947,1001
2024-09-18 10:09:17.549,408.934057474042,1004
2024-09-18 10:09:17.660,408.9481226827384,12
2024-09-18 10:09:18.117,408.9421761779821,10
2024-09-18 10:09:18.744,408.9346330814201,13
2024-09-18 10:09:18.900,408.9435278183972,95
2024-09-18 10:09:18.903,408.931255546701,7
2024-09-18 10:09:19.013,408.93985566411146,995
2024-09-18 10:09:19.059,408.9467646863692,95
2024-09-18 10:09:19.492,408.93726646052767,95
2024-09-18 10:09:19.504,408.9534167691024,1000
2024-09-18 10:09:19.526,408.9134096771131,1003
2024-09-18 10:09:19.534,408.94056960500905,1005
2024-09-18 10:09:19.539,408.9323905009997,5
2024-09-18 10:09:19.782,408.9138674102048,96
2024-09-18 10:09:19.793,408.9300079518791,1005
2024-09-18 10:09:19.802,408.9230200009398,12
2024-09-18 10:09:19.823,408.9437658013452,98
2024-09-18 10:09:19.882,408.9418181275483,1004
2024-09-18 10:09:19.897,408.9233371411448,996
2024-09-18 10:09:19.984,408.9477320309666,8
2024-09-18 10:09:20.124,408.9237375453751,999
2024-09-18 10:09:20.224,408.9191394569497,1000
2024-09-18 10:09:20.467,408.9320108587599,998
2024-09-18 10:09:20.591,408.9140179329253,103
2024-09-18 10:09:20.678,408.9211338150433,97
2024-09-18 10:09:20.919,408.9192247495234,1003
2024-09-18 10:09:21.030,408.8831492815293,11
2024-09-18 10:09:21.116,408.857227580495,9
2024-09-18 10:09:21.143,408.8812665594666,6
2024-09-18 10:09:21.191,408.8567318939968,998
2024-09-18 10:09:21.203,408.858555938535,13
2024-09-18 10:09:21.230,-408.8565573433028,1002
2024-09-18 10:09:21.261,408.8858473795581,1000
2024-09-18 10:09:21.263,408.8472356677984,995
2024-09-18 10:09:21.270,408.8596508967805,1005
2024-09-18 10:09:21.296,408.8547031559105,14
2024-09-18 10:09:21.316,408.8642189876746,99
2024-09-18 10:09:21.335,408.86765876872266,6
2024-09-18 10:09:21.382,408.8730162217893,5
2024-09-18 10:09:21.417,408.91206345693456,101
2024-09-18 10:09:21.499,408.8570747504535,101
2024-09-18 10:09:21.519,408.8652169703631,8
2024-09-18 10:09:21.542,408.90887016905714,8
2024-09-18 10:09:21.588,408.8803130200528,96
2024-09-18 10:09:21.706,408.87513104148206,1002
2024-09-18 10:09:21.819,408.87381055772767,12
2024-09-18 10:09:21.853,408.9198471845825,1004
2024-09-18 10:09:21.943,408.8655019481869,100
2024-09-18 10:09:22.007,408.842394271876,98
2024-09-18 10:09:22.126,408.8374984544427,1004
2024-09-18 10:09:22.173,408.7942760965682,103
2024-09-18 10:09:22.208,408.8546831639319,11
2024-09-18 10:09:22.223,408.7982395675567,14
2024-09-18 10:09:22.253,408.8021672851148,12
2024-09-18 10:09:22.415,408.8428924620856,996
2024-09-18 10:09:22.506,408.8034801235474,12
2024-09-18 10:09:22.535,408.80045529123214,1005
2024-09-18 10:09:22.587,408.8062927356558,103
2024-09-18 10:09:22.697,408.8049869315315,100
2024-09-18 10:09:22.743,408.8054685626453,10
2024-09-18 10:09:22.775,408.85397499568336,12
2024-09-18 10:09:22.821,408.7900842369219,102
2024-09-18 10:09:22.944,408.8022599506467,99
2024-09-18 10:09:22.957,408.8044172713246,15
2024-09-18 10:09:23.050,408.8204994150696,100
2024-09-18 10:09:23.122,408.8720729398474,96
2024-09-18 10:09:23.135,408.9031045176437,5
2024-09-18 10:09:23.204,408.8154419263413,8
2024-09-18 10:09:23.245,408.8780271237097,103
2024-09-18 10:09:23.270,408.8212658737554,5
2024-09-18 10:09:23.274,408.8709850973857,1002
2024-09-18 10:09:23.305,408.8787823649116,998
2024-09-18 10:09:23.318,408.91415693365695,100
2024-09-18 10:09:23.414,408.8304216661679,103
2024-09-18 10:09:23.474,408.863788509776,12
2024-09-18 10:09:23.628,408.8436701643069,1003
2024-09-18 10:09:23.744,408.8949383031894,6
2024-09-18 10:09:23.762,408.8679977406423,11
2024-09-18 10:09:23.928,408.8366791362835,6
2024-09-18 10:09:24.001,408.9515443044088,998
2024-09-18 10:09:24.003,408.9041972939039,7
2024-09-18 10:09:24.009,408.9108160111674,101
2024-09-18 10:09:24.021,408.9113812776631,103
2024-09-18 10:09:24.078,408.9795393387081,998
2024-09-18 10:09:24.180,408.9236257752989,105
2024-09-18 10:09:24.219,408.9092408300071,7
2024-09-18 10:09:24.350,408.9593618358808,7
2024-09-18 10:09:24.369,408.897879147295,11
2024-09-18 10:09:24.422,408.9117499622365,1002
2024-09-18 10:09:24.453,408.9520549786023,95
2024-09-18 10:09:24.457,408.9005433089935,12
2024-09-18 10:09:24.532,40.89741373466547,12
2024-09-18 10:09:24.554,-408.8937559846861,7
2024-09-18 10:09:24.667,408.9991901237845,103
2024-09-18 10:09:24.678,408.9569424784884,12
2024-09-18 10:09:24.728,408.91873143534286,15
2024-09-18 10:09:24.799,408.9142600022915,9
2024-09-18 10:09:24.850,408.9048065854265,101
2024-09-18 10:09:24.852,408.97138641519,999
2024-09-18 10:09:24.853,408.9083946805912,101
2024-09-18 10:09:24.959,408.9209980553185,99
2024-09-18 10:09:25.076,409.0584143692992,99
2024-09-18 10:09:25.208,409.00578914779504,8
2024-09-18 10:09:25.352,409.0386898368265,12
2024-09-18 10:09:25.509,409.00070427693305,101
2024-09-18 10:09:25.520,408.9896501979173,102
2024-09-18 10:09:25.589,409.0035452090044,14
2024-09-18 10:09:25.612,409.04913265421015,1004
2024-09-18 10:09:25.682,409.0569551928276,7
2024-09-18 10:09:25.827,409.0453995709689,997
2024-09-18 10:09:25.925,409.0543694065938,998
2024-09-18 10:09:26.223,409.05372588181706,5
2024-09-18 10:09:26.236,409.0760009970196,14
2024-09-18 10:09:26.236,409.0470317892439,998
2024-09-18 10:09:26.860,409.0551246344093,7
2024-09-18 10:09:26.868,409.0634741288056,96
2024-09-18 10:09:26.945,409.0557790275234,997
2024-09-18 10:09:27.007,409.0616574727935,7
2024-09-18 10:09:27.101,409.0696640858562,95
2024-09-18 10:09:27.207,409.0912773905633,13
2024-09-18 10:09:27.234,409.08225675993816,1004
2024-09-18 10:09:27.258,409.0759331534171,97
2024-09-18 10:09:27.329,409.0694989557404,96
2024-09-18 10:09:27.378,409.0687128230037,995
2024-09-18 10:09:27.436,409.07500718586766,13
2024-09-18 10:09:27.671,409.06576655804025,9
2024-09-18 10:09:27.893,409.074839183304,12
2024-09-18 10:09:28.146,409.1501334014826,996
2024-09-18 10:09:28.287,,996
2024-09-18 10:09:28.306,409.0996466439577,1003
2024-09-18 10:09:28.311,409.1115547849389,11
2024-09-18 10:09:28.321,409.1326735510196,104
2024-09-18 10:09:28.332,409.1326142344673,13
2024-09-18 10:09:28.339,409.1094593620428,998
2024-09-18 10:09:28.354,409.12871326670063,1005
2024-09-18 10:09:28.364,409.144602513806,102
2024-09-18 10:09:28.389,409.1321681432968,101
2024-09-18 10:09:28.414,409.16468251409447,15
2024-09-18 10:09:28.449,409.1211259589408,103
2024-09-18 10:09:28.533,409.09242802952,103
2024-09-18 10:09:28.555,409.1103995751729,103
2024-09-18 10:09:28.572,409.1211287449162,97
2024-09-18 10:09:28.612,409.1293888371122,998
2024-09-18 10:09:28.615,409.10744678289154,8
2024-09-18 10:09:28.635,409.1508488536199,1005
2024-09-18 10:09:28.645,409.1379670344565,14
2024-09-18 10:09:28.663,409.1184923035953,100
2024-09-18 10:09:28.667,409.1115974333864,1002
2024-09-18 10:09:28.690,409.1459110770907,8
2024-09-18 10:09:28.814,409.08119031446665,98
2024-09-18 10:09:28.845,409.1267588142398,7
2024-09-18 10:09:28.850,409.1475420203468,14
2024-09-18 10:09:28.870,409.1003066283829,97
2024-09-18 10:09:28.897,409.0871546558257,9
2024-09-18 10:09:29.025,409.0689333271383,1000
2024-09-18 10:09:29.030,409.0990724058054,1001
2024-09-18 10:09:29.041,409.16605336852535,7
2024-09-18 10:09:29.077,409.1385163123631,1005
2024-09-18 10:09:29.083,409.1922388173254,13
2024-09-18 10:09:29.107,409.10449293977945,996
2024-09-18 10:09:29.182,409.0522490112401,12
2024-09-18 10:09:29.247,409.13332307234,9
2024-09-18 10:09:29.259,409.20212352933055,5
2024-09-18 10:09:29.290,409.0960251808035,97
2024-09-18 10:09:29.300,409.0558034253815,9
2024-09-18 10:09:29.328,409.1806061729312,999
2024-09-18 10:09:29.337,409.05682337847736,105
2024-09-18 10:09:29.341,409.0990788230183,10
2024-09-18 10:09:29.353,409.20235450306495,13
2024-09-18 10:09:29.371,409.1227755824426,99
2024-09-18 10:09:29.412,409.1545379283354,11
2024-09-18 10:09:29.478,409.1813123467722,95
2024-09-18 10:09:29.584,409.1874946190685,999
2024-09-18 10:09:29.703,409.0993884305296,95
2024-09-18 10:09:29.721,409.14492760352255,10
2024-09-18 10:09:29.784,409.1005703562216,6
2024-09-18 10:09:29.806,409.0508659973009,1003
2024-09-18 10:09:29.819,409.0824228048035,101
2024-09-18 10:09:29.883,409.1652557937382,102
2024-09-18 10:09:29.891,409.091290803832,5
2024-09-18 10:09:29.970,409.1954633308729,11
2024-09-18 10:09:30.942,409.0332081398495,1005
2024-09-18 10:09:31.534,409.0510304243866,11
2024-09-18 10:09:32.037,409.0260199546679,999
2024-09-18 10:09:32.041,409.0233653307408,999
2024-09-18 10:09:32.059,409.01209375249374,13
2024-09-18 10:09:32.081,408.9860057563231,999
2024-09-18 10:09:32.095,409.0033572480296,104
2024-09-18 10:09:32.123,409.011245829192,1003
2024-09-18 10:09:32.143,409.0195371496345,103
2024-09-18 10:09:32.155,409.00570793275375,13
2024-09-18 10:09:32.169,409.0346780874453,997
2024-09-18 10:09:32.170,409.0301534037188,13
2024-09-18 10:09:32.183,408.9809659703156,13
2024-09-18 10:09:32.208,409.0359029237163,9
2024-09-18 10:09:32.230,409.02728685884,96
2024-09-18 10:09:32.239,409.02444305947466,99
2024-09-18 10:09:32.246,408.9628543909752,1002
2024-09-18 10:09:32.353,409.0089238277432,9
2024-09-18 10:09:32.372,408.98953100997227,99
2024-09-18 10:09:32.541,408.9696183809404,1000
2024-09-18 10:09:32.614,409.0229698610228,10
2024-09-18 10:09:32.687,409.0038089851695,6
2024-09-18 10:09:32.687,409.0107373097106,6
2024-09-18 10:09:32.748,408.988341057141,995
2024-09-18 10:09:32.763,409.0665027889033,103
2024-09-18 10:09:32.769,409.0086322621036,8
2024-09-18 10:09:32.771,409.0282291875295,102
2024-09-18 10:09:32.852,409.0393526111219,7
2024-09-18 10:09:32.901,409.0419037990597,105
2024-09-18 10:09:33.490,408.97823704420045,5
2024-09-18 10:09:33.577,408.9379846577466,998
2024-09-18 10:09:33.707,408.99229623516834,1003
2024-09-18 10:09:33.906,408.9742738080951,1004
2024-09-18 10:09:33.924,408.92995841446185,97
2024-09-18 10:09:34.014,408.9301455901883,1002
2024-09-18 10:09:34.522,408.927065961872,7
2024-09-18 10:09:36.013,408.9288939795441,103
2024-09-18 10:09:36.067,408.90037335663806,11
2024-09-18 10:09:36.077,408.9346008393821,1002
2024-09-18 10:09:36.104,408.89843512113777,1004
2024-09-18 10:09:36.129,408.93498181966817,997
2024-09-18 10:09:36.149,408.94044155325975,1005
2024-09-18 10:09:36.155,-408.8933496127497,95
2024-09-18 10:09:36.171,408.92439413209735,999
2024-09-18 10:09:36.181,408.95217843579,8
2024-09-18 10:09:36.261,-408.942820911684,105
2024-09-18 10:09:36.293,408.9223862956471,100
2024-09-18 10:09:36.300,408.9124095407653,12
2024-09-18 10:09:36.310,408.8948516099235,1001
2024-09-18 10:09:36.326,408.9342784900013,96
2024-09-18 10:09:36.404,408.9362875671923,10
2024-09-18 10:09:36.441,408.89377980495976,997
2024-09-18 10:09:36.467,408.9173233425972,99
2024-09-18 10:09:36.480,408.8960399567468,14
2024-09-18 10:09:36.481,408.9441101881576,103
2024-09-18 10:09:36.494,408.9162629824893,1002
2024-09-18 10:09:36.547,408.9374877623303,14
2024-09-18 10:09:36.585,408.9024486381901,15
2024-09-18 10:09:36.626,408.8994614148354,11
2024-09-18 10:09:36.662,408.890094364593,10
2024-09-18 10:09:36.678,408.9523540338618,995
2024-09-18 10:09:36.706,408.88916523746514,11
2024-09-18 10:09:36.831,408.9109181737232,104
2024-09-18 10:09:36.878,408.9388163112487,997
2024-09-18 10:09:36.940,408.93344421450735,1000
2024-09-18 10:09:36.950,408.9113718695704,96
2024-09-18 10:09:37.200,408.8738048866125,11
2024-09-18 10:09:37.226,408.865851744162,1005
2024-09-18 10:09:37.300,408.8887879642963,101
2024-09-18 10:09:37.304,408.9155653278192,96
2024-09-18 10:09:37.327,408.8568203187575,101
2024-09-18 10:09:37.329,408.8527281468358,10
2024-09-18 10:09:37.340,408.86742858169663,1005
2024-09-18 10:09:37.444,408.8916386669316,99
2024-09-18 10:09:37.492,408.8571965069607,100
2024-09-18 10:09:37.588,408.8630813633673,95
2024-09-18 10:09:37.600,408.8811750364521,998
2024-09-18 10:09:37.616,408.87234525130543,999
2024-09-18 10:09:37.637,408.85440991886526,103
2024-09-18 10:09:37.827,408.8583107689874,12
2024-09-18 10:09:37.856,408.8529061149276,6
2024-09-18 10:09:37.880,408.9078795770809,13
2024-09-18 10:09:37.882,408.88425861827983,996
2024-09-18 10:09:37.898,408.8800455434432,995
2024-09-18 10:09:37.916,408.8657785662914,1003
2024-09-18 10:09:37.971,408.87648518524566,1004
2024-09-18 10:09:37.980,40.88667729233391,9
2024-09-18 10:09:37.988,408.8689585645584,7
2024-09-18 10:09:38.070,408.8417953485388,996
2024-09-18 10:09:38.079,408.8630525270201,103
2024-09-18 10:09:38.244,408.87752307851576,98
2024-09-18 10:09:38.246,408.84331416177,12
2024-09-18 10:09:38.252,408.9054385771922,998
2024-09-18 10:09:38.264,408.8602207136314,100
2024-09-18 10:09:38.290,408.84532204803935,999
2024-09-18 10:09:38.353,408.8811286074878,97
2024-09-18 10:09:38.403,408.8921279009837,12
2024-09-18 10:09:38.493,408.9500864256368,7
2024-09-18 10:09:38.544,408.9636005960324,1004
2024-09-18 10:09:38.611,408.87116356976816,13
2024-09-18 10:09:38.615,408.8593592001836,997
2024-09-18 10:09:38.654,408.882252705455,999
2024-09-18 10:09:38.704,408.91333681819617,15
2024-09-18 10:09:38.791,408.8699923806744,1000
2024-09-18 10:09:38.832,408.8718570525637,7
2024-09-18 10:09:38.856,408.8372620399701,14
2024-09-18 10:09:38.884,408.8480908894253,10
2024-09-18 10:09:38.916,408.9411908810403,12
2024-09-18 10:09:38.945,408.84122142185504,98
2024-09-18 10:09:38.946,408.8714221109416,8
2024-09-18 10:09:39.007,408.92344260440416,103
2024-09-18 10:09:39.084,408.9425621317403,99
2024-09-18 10:09:39.117,408.92711821832216,5
2024-09-18 10:09:39.205,408.9212456200705,15
2024-09-18 10:09:39.233,408.9334401895243,997
2024-09-18 10:09:39.273,408.9192236285271,100
2024-09-18 10:09:39.384,408.9286069054665,1005
2024-09-18 10:09:39.430,408.9645470150868,1002
2024-09-18 10:09:39.441,408.9553755738039,15
2024-09-18 10:09:39.490,408.9346623234323,1001
2024-09-18 10:09:39.600,408.94584057828143,1004
2024-09-18 10:09:39.667,408.9130154401017,8
2024-09-18 10:09:39.760,408.9379770157617,100
2024-09-18 10:09:39.779,408.91017170348175,96
2024-09-18 10:09:39.782,408.8918607637667,1004
2024-09-18 10:09:39.845,408.9256404760607,9
2024-09-18 10:09:39.866,408.96926780078553,10
2024-09-18 10:09:39.884,408.9175317766011,9
2024-09-18 10:09:39.929,-408.9536351102264,104
2024-09-18 10:09:40.043,408.86470806328697,12
2024-09-18 10:09:40.075,408.9014117727697,99
2024-09-18 10:09:40.177,408.90284302408895,7
2024-09-18 10:09:40.226,408.9357719058268,997
2024-09-18 10:09:40.267,408.923252940389,95
2024-09-18 10:09:40.339,408.8834403546773,104
2024-09-18 10:09:40.443,408.9200016587788,999
2024-09-18 10:09:40.487,408.9348639568224,1001
2024-09-18 10:09:40.530,408.8693939989594,104
2024-09-18 10:09:40.561,408.8859711874529,7
2024-09-18 10:09:40.573,408.90167578244336,104
2024-09-18 10:09:40.828,408.9328400147258,8
2024-09-18 10:09:40.879,408.8876275327103,105
2024-09-18 10:09:40.944,408.9261595525088,15
2024-09-18 10:09:41.025,408.8560084198128,10
2024-09-18 10:09:41.030,408.8658643858612,98
2024-09-18 10:09:41.066,408.888907057155,100
2024-09-18 10:09:41.143,408.8670459535791,996
2024-09-18 10:09:41.268,408.8522618661039,98
2024-09-18 10:09:41.312,408.8630764789684,14
2024-09-18 10:09:41.326,408.91618055761467,1003
2024-09-18 10:09:41.465,408.8474598330114,1003
2024-09-18 10:09:41.505,408.8743898549568,6
2024-09-18 10:09:41.743,408.8482255718076,1004
2024-09-18 10:09:41.770,408.9262487513934,1001
2024-09-18 10:09:41.887,408.9231555986191,98
2024-09-18 10:09:41.921,408.862366471951,13
2024-09-18 10:09:42.106,408.91423998197024,996
2024-09-18 10:09:42.109,-408.8949858502573,6
2024-09-18 10:09:42.117,408.9074678113412,102
2024-09-18 10:09:42.321,408.89965519533416,6
2024-09-18 10:09:42.375,408.90840521295456,95
2024-09-18 10:09:42.398,408.8935662485666,105
2024-09-18 10:09:42.419,408.8965140182028,102
2024-09-18 10:09:42.473,408.9009301422932,13
2024-09-18 10:09:42.565,408.92530635381536,100
2024-09-18 10:09:42.603,408.892109198334,14
2024-09-18 10:09:42.710,408.9033381997583,997
2024-09-18 10:09:42.758,408.8966608549294,9
2024-09-18 10:09:42.804,408.907376419468,1003
2024-09-18 10:09:42.929,408.8905006240623,1005
2024-09-18 10:09:42.948,408.8911879784395,1004
2024-09-18 10:09:42.997,408.90677799309054,96
2024-09-18 10:09:43.050,408.8616880153872,98
2024-09-18 10:09:43.184,408.84549620904966,15
2024-09-18 10:09:43.188,408.86381547170384,96
2024-09-18 10:09:43.190,408.8574730244923,104
2024-09-18 10:09:43.359,408.8266033597715,996
2024-09-18 10:09:43.360,408.8574888051803,5
2024-09-18 10:09:43.367,408.8590427149263,1002
2024-09-18 10:09:43.427,408.8515514868441,1005
2024-09-18 10:09:43.469,408.8356619004389,104
2024-09-18 10:09:43.490,408.860583657819,8
2024-09-18 10:09:43.526,408.8549490374245,99
2024-09-18 10:09:43.633,408.85951868552496,1000
2024-09-18 10:09:43.662,408.84696525511663,1000
2024-09-18 10:09:43.666,408.8587226363693,13
2024-09-18 10:09:43.740,408.8769913442916,1003
2024-09-18 10:09:43.859,408.8548847883681,1000
2024-09-18 10:09:43.881,408.8491364596917,99
2024-09-18 10:09:44.034,408.7945342181485,999
2024-09-18 10:09:44.035,,1001
2024-09-18 10:09:44.155,408.8027245700625,104
2024-09-18 10:09:44.160,40.88043149589693,995
2024-09-18 10:09:44.309,408.82409516542015,1002
2024-09-18 10:09:44.310,408.7969508901568,98
2024-09-18 10:09:44.335,408.7851381407266,99
2024-09-18 10:09:44.355,408.8155282940677,101
2024-09-18 10:09:44.416,408.8182809899021,1002
2024-09-18 10:09:44.515,408.8105990018959,104
2024-09-18 10:09:44.561,408.793652424644,1002
2024-09-18 10:09:44.579,408.80832900469545,1001
2024-09-18 10:09:44.630,408.824702873665,1004
2024-09-18 10:09:44.661,408.8026813432412,1003
2024-09-18 10:09:44.714,408.8197963161961,5
2024-09-18 10:09:44.752,408.8052496684278,7
2024-09-18 10:09:44.785,408.7963200527254,5
2024-09-18 10:09:44.865,408.7965798968223,1000
2024-09-18 10:09:44.868,408.7958649412277,101
2024-09-18 10:09:44.889,408.8098273402638,11
2024-09-18 10:09:44.894,408.7966411364974,104
2024-09-18 10:09:44.917,408.80471282921184,10
2024-09-18 10:09:44.941,408.7770678045858,103
2024-09-18 10:09:44.957,408.7917795209319,1004
2024-09-18 10:09:45.405,408.8172000012007,10
2024-09-18 10:09:45.645,408.830876616271,99
2024-09-18 10:09:45.814,408.80752456461136,10
2024-09-18 10:09:46.041,408.8319273874836,6
2024-09-18 10:09:46.672,408.84306979473416,96
2024-09-18 10:09:47.047,408.802086396596,995
2024-09-18 10:09:47.121,408.81707808826087,1003
2024-09-18 10:09:47.277,408.8001216225688,995
2024-09-18 10:09:47.283,408.783206240435,1002
2024-09-18 10:09:47.386,408.8032363334343,105
2024-09-18 10:09:47.512,408.8011276199343,15
2024-09-18 10:09:47.944,408.8097470561724,103
2024-09-18 10:09:48.537,408.8347405594925,1003
2024-09-18 10:09:48.630,408.83438056383153,98
2024-09-18 10:09:48.634,408.8206887777193,1005
2024-09-18 10:09:49.012,408.8607283260836,9
2024-09-18 10:09:49.135,408.8854917557891,104
2024-09-18 10:09:49.250,408.92597833121386,1005
2024-09-18 10:09:49.280,408.92247476583566,6
2024-09-18 10:09:49.290,408.8342132893313,5
2024-09-18 10:09:49.302,408.86989729123286,9
2024-09-18 10:09:49.361,408.9216577657199,100
2024-09-18 10:09:49.393,408.9335948235273,1000
2024-09-18 10:09:49.425,408.8451175615194,1001
2024-09-18 10:09:49.439,408.8975249139917,104
2024-09-18 10:09:49.485,408.92669408145167,8
2024-09-18 10:09:49.528,408.85376641324336,103
2024-09-18 10:09:49.578,408.913102470543,15
2024-09-18 10:09:49.582,408.8525269725086,5
2024-09-18 10:09:49.610,408.8465091404668,97
2024-09-18 10:09:49.683,408.8744149626734,1000
2024-09-18 10:09:49.698,408.85271858469264,9
2024-09-18 10:09:49.699,408.8691323157397,1005
2024-09-18 10:09:49.723,408.84292677599313,1004
2024-09-18 10:09:49.744,408.8474856715437,1000
2024-09-18 10:09:49.793,408.944130280889,97
2024-09-18 10:09:49.912,408.94282996208847,105
2024-09-18 10:09:50.000,408.9512841125705,12
2024-09-18 10:09:50.057,408.9621701250974,102
2024-09-18 10:09:50.177,408.9613110303607,1001
2024-09-18 10:09:50.240,408.9732678980997,95
2024-09-18 10:09:50.254,408.9314455805881,13
2024-09-18 10:09:50.307,408.9742555441884,12
2024-09-18 10:09:50.526,408.9654628068882,96
2024-09-18 10:09:50.533,408.9463369695654,14
2024-09-18 10:09:50.640,408.9639266295696,998
2024-09-18 10:09:50.741,408.9717201709111,10
2024-09-18 10:09:50.756,408.945169369468,13
2024-09-18 10:09:50.765,408.9203940554023,14
2024-09-18 10:09:50.798,408.92706323069234,13
2024-09-18 10:09:50.973,408.9464611637689,996
2024-09-18 10:09:51.020,408.93343147967295,97
2024-09-18 10:09:51.041,408.93087936282416,99
2024-09-18 10:09:51.215,408.9363082595036,998
2024-09-18 10:09:51.317,408.9334980410812,1004
2024-09-18 10:09:51.377,408.9274898950335,1000
2024-09-18 10:09:51.403,408.9460449791624,13
2024-09-18 10:09:51.517,408.92945884635054,996
2024-09-18 10:09:51.763,408.9145326417188,996
2024-09-18 10:09:51.792,408.9434330119896,998
2024-09-18 10:09:51.862,408.9181968756388,15
2024-09-18 10:09:51.876,408.94104752094375,1004
2024-09-18 10:09:51.949,408.9265108601825,996
2024-09-18 10:09:52.341,408.9474857947341,14
2024-09-18 10:09:52.367,408.9346453395869,95
2024-09-18 10:09:52.380,408.9263410058839,99
2024-09-18 10:09:52.415,408.9462509895496,103
2024-09-18 10:09:52.472,408.9301554645924,996
2024-09-18 10:09:52.580,408.93116396149713,1005
2024-09-18 10:09:52.582,408.945564506333,96
2024-09-18 10:09:52.603,408.96384964689975,997
2024-09-18 10:09:52.619,408.9667340380275,996
2024-09-18 10:09:52.687,408.919511739316,97
2024-09-18 10:09:52.729,408.963934860701,99
2024-09-18 10:09:52.890,408.93955809457816,96
2024-09-18 10:09:52.940,408.9340846647364,1003
2024-09-18 10:09:53.124,408.93795560002064,998
2024-09-18 10:09:53.161,409.055917693451,8
2024-09-18 10:09:53.202,408.9726718906752,104
2024-09-18 10:09:53.230,408.9388112935845,9
2024-09-18 10:09:53.251,409.00055828867744,1001
2024-09-18 10:09:53.265,409.0610819256333,1003
2024-09-18 10:09:53.289,408.9871197544608,1001
2024-09-18 10:09:53.327,408.97851321471376,1004
2024-09-18 10:09:53.390,409.0621992741859,1000
2024-09-18 10:09:53.407,409.06033094746033,1000
2024-09-18 10:09:53.471,409.0090572865033,998
2024-09-18 10:09:53.475,409.0105617896542,12
2024-09-18 10:09:53.505,409.00264199924976,102
2024-09-18 10:09:53.531,409.0225881725192,102
2024-09-18 10:09:53.537,,12
2024-09-18 10:09:53.595,409.0298035283545,1002
2024-09-18 10:09:53.747,409.0665031435643,98
2024-09-18 10:09:53.784,409.0740350339012,102
2024-09-18 10:09:53.800,409.08322865022166,10
2024-09-18 10:09:53.839,408.9203717006413,98
2024-09-18 10:09:53.862,409.0089005848119,99
2024-09-18 10:09:53.894,408.9410924988933,98
2024-09-18 10:09:53.900,409.0548857068917,998
2024-09-18 10:09:53.961,409.07450870368245,15
2024-09-18 10:09:53.967,409.0141770214189,1002
2024-09-18 10:09:53.970,409.0203641392633,96
2024-09-18 10:09:53.989,409.0738180891524,104
2024-09-18 10:09:53.991,409.0066266449442,1000
2024-09-18 10:09:54.019,409.0666701296957,9
2024-09-18 10:09:54.041,409.0835179600597,7
2024-09-18 10:09:54.107,409.0786001318807,104
2024-09-18 10:09:54.122,409.06558403573433,10
2024-09-18 10:09:54.266,409.0606998925888,104
2024-09-18 10:09:54.275,409.0804794284874,103
2024-09-18 10:09:54.617,409.0823384436397,12
2024-09-18 10:09:54.643,409.0610954668922,1003
2024-09-18 10:09:54.645,409.04860449162027,996
2024-09-18 10:09:54.687,409.08921459372726,1004
2024-09-18 10:09:54.711,409.0807036246198,1005
2024-09-18 10:09:54.878,409.05781047740646,103
2024-09-18 10:09:54.924,409.0688230968319,98
2024-09-18 10:09:55.058,409.0862280816941,10
2024-09-18 10:09:55.342,409.07518954474784,14
2024-09-18 10:09:55.517,409.078083293824,103
2024-09-18 10:09:55.621,409.0718491663576,97
2024-09-18 10:09:56.398,409.0887770352829,14
2024-09-18 10:09:56.412,409.0665829337714,102
2024-09-18 10:09:56.720,409.09182076703394,95
2024-09-18 10:09:56.964,409.0842465326939,103
2024-09-18 10:09:57.080,409.0589539468597,13
2024-09-18 10:09:57.120,,95
2024-09-18 10:09:57.146,409.0417350594104,995
2024-09-18 10:09:57.227,409.02717792313103,1003
2024-09-18 10:09:57.308,409.0586683381482,997
2024-09-18 10:09:57.311,409.0389473253673,996
2024-09-18 10:09:57.335,409.02919492112255,99
2024-09-18 10:09:57.361,409.0364010142449,98
2024-09-18 10:09:57.495,409.0496287784498,100
2024-09-18 10:09:57.506,409.0377880328622,998
2024-09-18 10:09:57.524,409.0393639785968,995
2024-09-18 10:09:57.575,409.05091470048507,6
2024-09-18 10:09:57.632,409.0382942474484,1002
2024-09-18 10:09:57.701,409.04821605333706,1005
2024-09-18 10:09:57.727,409.0221116171573,97
2024-09-18 10:09:57.740,409.03745545709086,13
2024-09-18 10:09:57.765,409.037528194445,13
2024-09-18 10:09:57.799,409.04387222180935,95
2024-09-18 10:09:57.799,409.0579301571549,97
2024-09-18 10:09:57.836,409.05735019603054,101
2024-09-18 10:09:57.861,409.02652998906586,1005
2024-09-18 10:09:57.872,409.0513582813302,998
2024-09-18 10:09:57.922,409.0743877373128,10
2024-09-18 10:09:57.957,409.0452284880039,997
2024-09-18 10:09:57.964,40.90475213343536,13
2024-09-18 10:09:57.986,409.0345097916098,5
2024-09-18 10:09:58.012,409.0646501038565,105
2024-09-18 10:09:58.099,409.1067088902717,1001
2024-09-18 10:09:58.173,409.08017475310936,1005
2024-09-18 10:09:58.204,409.1006809298197,99
2024-09-18 10:09:58.294,409.086921556691,8
2024-09-18 10:09:58.351,409.03939679724766,7
2024-09-18 10:09:58.407,409.0897896473304,999
2024-09-18 10:09:58.409,409.0999686060369,14
2024-09-18 10:09:58.488,409.1368825014372,1000
2024-09-18 10:09:58.583,409.1004152374143,102
2024-09-18 10:09:58.584,409.05773625138784,14
2024-09-18 10:09:58.586,409.0758105008306,101
2024-09-18 10:09:58.635,409.1217760531735,104
2024-09-18 10:09:58.663,409.1032557023068,96
2024-09-18 10:09:58.693,409.0852216771228,10
2024-09-18 10:09:58.722,409.0933315487847,13
2024-09-18 10:09:58.795,409.0668298363552,97
2024-09-18 10:09:58.823,409.1220834845239,5
2024-09-18 10:09:58.847,409.0757489381657,1005
2024-09-18 10:09:58.984,40.9079195568502,6
2024-09-18 10:09:58.994,409.0545741384119,97
2024-09-18 10:09:59.005,409.09813962504296,1000
2024-09-18 10:09:59.029,409.15028595441777,103
2024-09-18 10:09:59.078,409.0949699164181,100
2024-09-18 10:09:59.081,409.1301107563668,996
2024-09-18 10:09:59.125,409.0683553851866,996
2024-09-18 10:09:59.219,409.08755802700887,1002
2024-09-18 10:09:59.259,409.0503819896382,7
2024-09-18 10:09:59.277,409.12878476378165,10
2024-09-18 10:09:59.387,409.0796973783162,1001
2024-09-18 10:09:59.392,409.0974014472956,96
2024-09-18 10:09:59.405,409.1116530003388,100
2024-09-18 10:09:59.424,409.0646241297047,996
2024-09-18 10:09:59.465,409.1297387424794,8
2024-09-18 10:09:59.476,409.1272932275205,14
2024-09-18 10:09:59.530,409.0819932688596,7
2024-09-18 10:09:59.545,409.0554259099269,995
2024-09-18 10:09:59.567,409.1421328596086,100
2024-09-18 10:09:59.637,409.081770703245,997
2024-09-18 10:09:59.711,409.0866863394326,1003
2024-09-18 10:09:59.713,409.1041961274574,95
2024-09-18 10:09:59.720,409.0975021548543,1000
2024-09-18 10:09:59.826,409.0771003127696,100
2024-09-18 10:09:59.884,409.07373267277336,103
2024-09-18 10:09:59.915,409.1189610534635,8
2024-09-18 10:09:59.924,409.09044830735405,1002
2024-09-18 10:09:59.961,409.15179512786347,1003
2024-09-18 10:09:59.992,409.1383301858994,1005
