Timestamp,Price,Size
2024-09-19 13:42:00.007,422.83219977196046,102
2024-09-19 13:42:00.042,422.79107243680966,102
2024-09-19 13:42:00.192,422.8950944260291,98
2024-09-19 13:42:00.273,422.7944025080562,999
2024-09-19 13:42:00.294,422.8218548010443,105
2024-09-19 13:42:00.434,422.7914523090024,95
2024-09-19 13:42:00.568,422.8044303961285,9
2024-09-19 13:42:00.570,422.816015556762,12
2024-09-19 13:42:00.645,422.8093359324714,1004
2024-09-19 13:42:00.730,422.8855113676767,1004
2024-09-19 13:42:00.841,422.81927318964057,999
2024-09-19 13:42:00.846,422.8522826165623,13
2024-09-19 13:42:00.943,422.80855587568345,15
2024-09-19 13:42:01.043,422.9118856097752,14
2024-09-19 13:42:01.057,422.8977853327619,105
2024-09-19 13:42:01.107,422.88639988205625,1000
2024-09-19 13:42:01.209,422.9142260133726,103
2024-09-19 13:42:01.219,422.88452813956377,100
2024-09-19 13:42:01.256,422.909617123718,98
2024-09-19 13:42:01.286,422.91001048412943,98
2024-09-19 13:42:01.365,422.8969820714267,11
2024-09-19 13:42:01.446,422.8914251997413,99
2024-09-19 13:42:01.494,422.8811981305315,995
2024-09-19 13:42:01.519,422.90256179857096,8
2024-09-19 13:42:01.571,422.8890944675089,15
2024-09-19 13:42:01.580,422.908242700687,98
2024-09-19 13:42:01.587,422.8923097170823,15
2024-09-19 13:42:01.673,422.881469780376,13
2024-09-19 13:42:01.688,422.892015906264,15
2024-09-19 13:42:01.696,422.89118220880624,95
2024-09-19 13:42:01.801,422.888490723979,96
2024-09-19 13:42:01.845,422.88769717810266,98
2024-09-19 13:42:01.878,422.8835901189712,95
2024-09-19 13:42:01.888,422.89743453639016,998
2024-09-19 13:42:01.981,422.9187854993361,103
2024-09-19 13:42:02.001,422.9906436749744,1002
2024-09-19 13:42:02.022,422.9414502515003,99
2024-09-19 13:42:02.044,422.9080303859432,1001
2024-09-19 13:42:02.094,422.99875106013366,1005
2024-09-19 13:42:02.193,422.9221845288969,7
2024-09-19 13:42:02.219,422.9582649561457,15
2024-09-19 13:42:02.254,422.9909206902993,8
2024-09-19 13:42:02.263,422.9654903535206,96
2024-09-19 13:42:02.292,422.9913553615482,96
2024-09-19 13:42:02.337,422.93400312606826,997
2024-09-19 13:42:02.356,422.9668499628406,6
2024-09-19 13:42:02.362,422.9277796128788,103
2024-09-19 13:42:02.363,422.9972503742615,101
2024-09-19 13:42:02.374,423.00196924548544,996
2024-09-19 13:42:02.447,423.0022651698511,100
2024-09-19 13:42:02.476,422.9698880973213,996
2024-09-19 13:42:02.594,423.02230171275056,104
2024-09-19 13:42:02.627,423.0100764367125,998
2024-09-19 13:42:02.756,423.0022855635078,997
2024-09-19 13:42:02.771,422.9462422023791,96
2024-09-19 13:42:02.959,423.00868776366417,998
2024-09-19 13:42:02.964,422.96424169838457,997
2024-09-19 13:42:03.025,422.96386012455326,995
2024-09-19 13:42:03.063,422.9999824203268,9
2024-09-19 13:42:03.129,423.01581499769503,996
2024-09-19 13:42:03.179,423.0047711766921,15
2024-09-19 13:42:03.197,423.0214132231732,97
2024-09-19 13:42:03.220,,1002
2024-09-19 13:42:03.287,423.0257238147309,9
2024-09-19 13:42:03.377,422.9600901471976,100
2024-09-19 13:42:03.421,423.0140550730701,11
2024-09-19 13:42:03.437,422.9594796427394,5
2024-09-19 13:42:03.609,423.0056601750892,98
2024-09-19 13:42:03.635,423.024521786038,12
2024-09-19 13:42:03.641,423.016575150724,98
2024-09-19 13:42:03.699,423.0205979686526,1001
2024-09-19 13:42:03.763,42.29831478465708,1003
2024-09-19 13:42:03.777,422.9970631285518,96
2024-09-19 13:42:03.821,423.032264711325,997
2024-09-19 13:42:03.863,422.9548144726292,1001
2024-09-19 13:42:03.975,422.9952365524441,5
2024-09-19 13:42:04.038,423.0216051207192,99
2024-09-19 13:42:04.107,422.9927415318671,12
2024-09-19 13:42:04.112,423.0314034462131,103
2024-09-19 13:42:04.112,423.0216312999627,14
2024-09-19 13:42:04.114,422.9254848204481,1000
2024-09-19 13:42:04.226,422.939334901044,999
2024-09-19 13:42:04.261,423.0126809193117,6
2024-09-19 13:42:04.317,422.9731817665509,5
2024-09-19 13:42:04.403,422.9015688516669,99
2024-09-19 13:42:04.442,423.0187974453668,995
2024-09-19 13:42:04.458,423.03150289004753,103
2024-09-19 13:42:04.505,423.0401636556911,1005
2024-09-19 13:42:04.513,422.9032999213503,97
2024-09-19 13:42:04.609,423.0317644203588,11
2024-09-19 13:42:04.637,422.94136335649614,995
2024-09-19 13:42:04.696,422.89487677896994,103
2024-09-19 13:42:04.749,422.96578921347583,995
2024-09-19 13:42:04.795,423.0342654045229,1005
2024-09-19 13:42:04.868,423.0143435174888,13
2024-09-19 13:42:04.914,423.0315476284603,995
2024-09-19 13:42:04.917,423.0220148313046,105
2024-09-19 13:42:04.953,423.0010316385096,1004
2024-09-19 13:42:04.998,422.89100929994254,5
2024-09-19 13:42:05.097,422.8764279855373,12
2024-09-19 13:42:05.246,422.9042264771007,996
2024-09-19 13:42:05.393,422.8622568362456,7
2024-09-19 13:42:05.487,422.8732521970181,15
2024-09-19 13:42:05.628,422.9115143744843,6
2024-09-19 13:42:06.050,422.8145938708499,105
2024-09-19 13:42:06.074,422.8614292217765,11
2024-09-19 13:42:06.080,422.86511348499954,104
2024-09-19 13:42:06.089,422.8330044991359,998
2024-09-19 13:42:06.140,422.857199568812,96
2024-09-19 13:42:06.151,422.88765530325054,999
2024-09-19 13:42:06.182,422.8262209698404,7
2024-09-19 13:42:06.221,422.86755389283474,8
2024-09-19 13:42:06.257,422.8550138024701,14
2024-09-19 13:42:06.272,422.8846437832682,12
2024-09-19 13:42:06.361,422.8573181721992,1005
2024-09-19 13:42:06.383,422.8491216960412,7
2024-09-19 13:42:06.389,422.8451359508305,104
2024-09-19 13:42:06.424,422.8693245754913,103
2024-09-19 13:42:06.478,422.8930852579352,104
2024-09-19 13:42:06.516,422.8793100448751,101
2024-09-19 13:42:06.560,422.8311384732367,99
2024-09-19 13:42:06.586,422.8673588681126,8
2024-09-19 13:42:06.685,422.89088441993977,103
2024-09-19 13:42:06.783,422.87195571191,97
2024-09-19 13:42:06.879,422.8603429590633,99
2024-09-19 13:42:06.928,422.8759824512326,104
2024-09-19 13:42:06.968,422.8770754346272,1000
2024-09-19 13:42:07.006,422.8327842730504,14
2024-09-19 13:42:07.129,422.8714482821951,1000
2024-09-19 13:42:07.132,422.8535579795733,102
2024-09-19 13:42:07.135,422.8824577985521,12
2024-09-19 13:42:07.268,422.8624727769634,97
2024-09-19 13:42:07.292,422.8678593771339,1001
2024-09-19 13:42:07.297,422.8431742315862,13
2024-09-19 13:42:07.308,422.8373902723002,101
2024-09-19 13:42:07.421,422.8827460176778,100
2024-09-19 13:42:07.430,422.86044340761634,1005
2024-09-19 13:42:07.475,422.8814587726784,100
2024-09-19 13:42:07.487,,101
2024-09-19 13:42:07.498,422.8317429964157,101
2024-09-19 13:42:07.530,422.8675158424162,100
2024-09-19 13:42:07.549,422.8357952029424,101
2024-09-19 13:42:07.556,422.8530520425029,5
2024-09-19 13:42:07.591,422.8556138540269,14
2024-09-19 13:42:07.699,422.8653490055571,999
2024-09-19 13:42:07.712,422.8381816670349,102
2024-09-19 13:42:07.748,422.8415131258507,8
2024-09-19 13:42:07.812,422.8798468956147,1002
2024-09-19 13:42:07.910,422.8519658022879,105
2024-09-19 13:42:08.090,422.8353089386305,10
2024-09-19 13:42:08.482,422.8344618098802,995
2024-09-19 13:42:08.560,422.8340709216953,102
2024-09-19 13:42:09.118,422.8628483818461,1001
2024-09-19 13:42:09.122,422.8429760957414,1005
2024-09-19 13:42:09.288,422.854138324753,95
2024-09-19 13:42:09.329,422.8519627985143,1001
2024-09-19 13:42:09.438,422.8355919215208,97
2024-09-19 13:42:09.508,422.8752209502081,1003
2024-09-19 13:42:09.790,422.8484078482516,997
2024-09-19 13:42:09.802,422.8723149654006,12
2024-09-19 13:42:09.899,422.86427852474526,6
2024-09-19 13:42:09.919,422.858725235089,999
2024-09-19 13:42:09.924,422.8461629655355,1000
2024-09-19 13:42:10.494,422.86478412406257,11
2024-09-19 13:42:11.013,422.9107775319558,13
2024-09-19 13:42:11.047,422.8575645010732,999
2024-09-19 13:42:11.111,422.9076393539806,96
2024-09-19 13:42:11.119,422.9360907278001,1004
2024-09-19 13:42:11.150,422.9362427263172,13
2024-09-19 13:42:11.154,422.9425682556613,103
2024-09-19 13:42:11.170,422.919833226703,997
2024-09-19 13:42:11.201,422.931164695877,11
2024-09-19 13:42:11.232,422.8797054348794,996
2024-09-19 13:42:11.275,422.8781684452033,997
2024-09-19 13:42:11.292,422.89022774314367,104
2024-09-19 13:42:11.327,422.9344385738322,99
2024-09-19 13:42:11.347,422.8751793170194,101
2024-09-19 13:42:11.366,422.8783120846611,105
2024-09-19 13:42:11.423,422.9351509981808,104
2024-09-19 13:42:11.452,422.8684909389369,11
2024-09-19 13:42:11.471,422.89965107777823,95
2024-09-19 13:42:11.534,422.88960097956,1005
2024-09-19 13:42:11.591,422.9296189721732,101
2024-09-19 13:42:11.603,422.867732481986,997
2024-09-19 13:42:11.611,422.8858566522485,1000
2024-09-19 13:42:11.616,422.9065226850776,97
2024-09-19 13:42:11.729,422.9175706763973,105
2024-09-19 13:42:11.839,422.8726098659882,100
2024-09-19 13:42:11.931,422.8658222647037,998
2024-09-19 13:42:11.987,422.93632929025296,1001
2024-09-19 13:42:12.042,423.00803643291766,1000
2024-09-19 13:42:12.098,422.9225451198178,102
2024-09-19 13:42:12.216,422.911440183193,100
2024-09-19 13:42:12.245,422.9149354102519,997
2024-09-19 13:42:12.258,422.995978603878,1005
2024-09-19 13:42:12.339,422.9366142337635,96
2024-09-19 13:42:12.355,422.9687205400366,101
2024-09-19 13:42:12.362,422.9250411906911,100
2024-09-19 13:42:12.364,422.9214024089781,997
2024-09-19 13:42:12.391,422.9133059691424,999
2024-09-19 13:42:12.426,422.9885205025375,100
2024-09-19 13:42:12.454,422.9284939083713,1000
2024-09-19 13:42:12.513,422.93931770246695,101
2024-09-19 13:42:12.611,422.9199748563892,1003
2024-09-19 13:42:12.621,422.9300100756324,995
2024-09-19 13:42:12.644,423.0033884863946,5
2024-09-19 13:42:12.741,422.9224294305983,999
2024-09-19 13:42:12.757,423.0170413739276,95
2024-09-19 13:42:12.804,422.9856662577774,98
2024-09-19 13:42:12.833,422.9186919473328,102
2024-09-19 13:42:12.872,422.95568333445897,1003
2024-09-19 13:42:12.892,422.97249352685486,101
2024-09-19 13:42:12.921,422.9275457493619,8
2024-09-19 13:42:12.924,422.9554685974396,7
2024-09-19 13:42:12.940,422.998411983533,9
2024-09-19 13:42:12.941,422.9439442204354,96
2024-09-19 13:42:12.966,422.9170951677806,7
2024-09-19 13:42:13.028,422.9527021043692,5
2024-09-19 13:42:13.135,422.95955500236704,15
2024-09-19 13:42:13.223,422.9124694594949,1001
2024-09-19 13:42:13.332,422.9383812356111,6
2024-09-19 13:42:13.389,422.9401657841329,1005
2024-09-19 13:42:13.433,422.94793793583375,995
2024-09-19 13:42:13.562,422.91530677475424,5
2024-09-19 13:42:13.572,422.95434651063147,10
2024-09-19 13:42:13.637,422.9326396396581,6
2024-09-19 13:42:13.647,422.956256307885,1003
2024-09-19 13:42:13.653,422.9421605756854,1002
2024-09-19 13:42:13.689,422.9568812301392,99
2024-09-19 13:42:13.805,422.9232100044758,14
2024-09-19 13:42:13.893,422.9667695774668,5
2024-09-19 13:42:13.937,422.95456102198784,9
2024-09-19 13:42:13.959,422.9289290367468,102
2024-09-19 13:42:13.976,422.921970654277,1003
2024-09-19 13:42:14.005,422.9478752054818,1002
2024-09-19 13:42:14.019,422.9339634925979,95
2024-09-19 13:42:14.116,422.9425686292752,998
2024-09-19 13:42:14.127,422.9389317665791,996
2024-09-19 13:42:14.156,422.9412235786996,5
2024-09-19 13:42:14.280,422.94884500724055,998
2024-09-19 13:42:14.338,422.96077611869646,100
2024-09-19 13:42:14.420,,97
2024-09-19 13:42:14.422,422.9278262260997,97
2024-09-19 13:42:14.422,422.9562417809908,97
2024-09-19 13:42:14.449,422.955202189152,998
2024-09-19 13:42:14.670,422.9580822928466,14
2024-09-19 13:42:14.979,422.9389299334717,996
2024-09-19 13:42:15.001,422.9625000255203,98
2024-09-19 13:42:15.029,,1002
2024-09-19 13:42:15.043,422.962335020077,9
2024-09-19 13:42:15.083,422.96985422293005,95
2024-09-19 13:42:15.141,422.9530686634814,1001
2024-09-19 13:42:15.471,422.9596916830792,99
2024-09-19 13:42:15.566,422.9606651074836,100
2024-09-19 13:42:16.136,422.9427590101508,1002
2024-09-19 13:42:16.318,422.9434938397667,98
2024-09-19 13:42:16.401,422.9615583138955,11
2024-09-19 13:42:16.431,422.96282734133,13
2024-09-19 13:42:16.483,422.9452652748424,11
2024-09-19 13:42:16.505,422.9550789555849,5
2024-09-19 13:42:16.683,422.9455375817742,97
2024-09-19 13:42:17.006,422.9460600035583,7
2024-09-19 13:42:17.097,422.94402717320514,101
2024-09-19 13:42:17.348,422.9581048168957,99
2024-09-19 13:42:17.532,422.9389118807859,1001
2024-09-19 13:42:17.556,-422.94274642378497,104
2024-09-19 13:42:17.623,422.9680803285586,11
2024-09-19 13:42:17.685,422.94592129101113,1005
2024-09-19 13:42:17.759,422.9677320133557,101
2024-09-19 13:42:17.776,422.93925081482695,1003
2024-09-19 13:42:17.940,422.9522517536938,6
2024-09-19 13:42:17.950,422.9662602369336,1002
2024-09-19 13:42:19.007,422.9506233804319,14
2024-09-19 13:42:19.109,42.28852082826991,996
2024-09-19 13:42:19.205,422.88566135335714,997
2024-09-19 13:42:19.228,422.8973209873093,5
2024-09-19 13:42:19.253,422.9003065790868,6
2024-09-19 13:42:19.257,422.89533151241386,1001
2024-09-19 13:42:19.276,42.28826026856464,10
2024-09-19 13:42:19.306,422.9313388113423,12
2024-09-19 13:42:19.308,422.89344011187177,101
2024-09-19 13:42:19.329,,1004
2024-09-19 13:42:19.343,422.9572272422879,100
2024-09-19 13:42:19.394,422.90695403016736,6
2024-09-19 13:42:19.431,422.897733364325,96
2024-09-19 13:42:19.432,422.915678782612,102
2024-09-19 13:42:19.650,422.8946274206966,12
2024-09-19 13:42:19.691,422.84701688985547,105
2024-09-19 13:42:19.694,422.91355406073535,1000
2024-09-19 13:42:19.713,422.9287732272665,10
2024-09-19 13:42:19.721,422.9172434956763,8
2024-09-19 13:42:19.820,422.8917305041506,102
2024-09-19 13:42:19.832,422.87969066260325,12
2024-09-19 13:42:19.842,422.9336894805974,12
2024-09-19 13:42:19.845,422.97752468224047,1002
2024-09-19 13:42:19.848,422.8845390573034,101
2024-09-19 13:42:19.885,422.8513606305407,12
2024-09-19 13:42:19.909,422.9291978820007,97
2024-09-19 13:42:19.943,422.8809280485154,1002
2024-09-19 13:42:19.978,422.87110526266247,15
2024-09-19 13:42:21.414,422.86671746791086,999
2024-09-19 13:42:21.602,422.859906646942,101
2024-09-19 13:42:21.790,422.86704626808086,10
2024-09-19 13:42:22.071,422.85018289806834,98
2024-09-19 13:42:22.121,422.8593237898559,12
2024-09-19 13:42:22.124,422.84611744156166,1004
2024-09-19 13:42:22.133,422.8110579703436,9
2024-09-19 13:42:22.359,422.85943934747513,100
2024-09-19 13:42:22.387,422.858589180402,13
2024-09-19 13:42:22.413,422.8493568348209,1004
2024-09-19 13:42:22.459,422.83131307864414,996
2024-09-19 13:42:22.567,422.8678323088024,6
2024-09-19 13:42:22.626,422.8894097315815,6
2024-09-19 13:42:22.639,422.85463654789663,1004
2024-09-19 13:42:22.789,422.8616836279468,996
2024-09-19 13:42:22.837,422.85513516089424,104
2024-09-19 13:42:22.905,422.859747304869,12
2024-09-19 13:42:22.932,422.81009169485634,995
2024-09-19 13:42:23.258,422.8079475986384,1005
2024-09-19 13:42:23.285,422.8074096711188,997
2024-09-19 13:42:23.335,422.81098862335904,998
2024-09-19 13:42:23.441,422.8131519275764,995
2024-09-19 13:42:23.535,422.7970809354477,97
2024-09-19 13:42:23.566,422.7865393944628,998
2024-09-19 13:42:23.762,422.7945870340959,101
2024-09-19 13:42:23.764,422.78686489044026,95
2024-09-19 13:42:23.888,422.81011670942536,999
2024-09-19 13:42:25.016,422.7398691616127,12
2024-09-19 13:42:25.066,422.8022664196623,102
2024-09-19 13:42:25.082,422.7422302281281,999
2024-09-19 13:42:25.115,422.7708027806824,995
2024-09-19 13:42:25.144,422.77566464724487,11
2024-09-19 13:42:25.178,422.76464648729217,1003
2024-09-19 13:42:25.199,422.7899546189247,12
2024-09-19 13:42:25.360,,1002
2024-09-19 13:42:25.376,422.77180400880826,96
2024-09-19 13:42:25.473,422.7715778265972,103
2024-09-19 13:42:25.475,422.7032664832982,8
2024-09-19 13:42:25.519,422.7809617948726,999
2024-09-19 13:42:25.565,422.7731736071615,105
2024-09-19 13:42:25.574,422.6979218622937,995
2024-09-19 13:42:25.577,422.7598626866449,995
2024-09-19 13:42:25.580,422.75642635957,14
2024-09-19 13:42:25.673,422.7764552260701,7
2024-09-19 13:42:25.717,422.7961958067912,995
2024-09-19 13:42:25.748,422.7632215274774,15
2024-09-19 13:42:25.777,422.7404974298592,999
2024-09-19 13:42:25.815,422.7779577364172,11
2024-09-19 13:42:25.857,422.7619840035532,997
2024-09-19 13:42:25.903,422.7954912256489,996
2024-09-19 13:42:25.951,422.72879459143945,95
2024-09-19 13:42:25.987,422.7704275796598,996
2024-09-19 13:42:26.077,422.7162868898606,103
2024-09-19 13:42:26.360,422.6831181631279,1001
2024-09-19 13:42:26.428,422.7096440227693,104
2024-09-19 13:42:26.507,,101
2024-09-19 13:42:26.576,422.7358024674464,1004
2024-09-19 13:42:26.580,422.7218746506241,8
2024-09-19 13:42:26.645,,14
2024-09-19 13:42:26.646,422.7330721627853,995
2024-09-19 13:42:26.907,422.7030626888868,13
2024-09-19 13:42:26.932,,995
2024-09-19 13:42:27.009,422.67698999866616,1003
2024-09-19 13:42:27.014,422.6929701792915,1000
2024-09-19 13:42:27.022,422.7034912217295,995
2024-09-19 13:42:27.039,422.7303203753726,1002
2024-09-19 13:42:27.064,422.73818863891927,101
2024-09-19 13:42:27.086,422.7105357016712,11
2024-09-19 13:42:27.105,422.72901831538906,1000
2024-09-19 13:42:27.106,422.692899855858,98
2024-09-19 13:42:27.155,422.7216683289981,102
2024-09-19 13:42:27.229,422.7175966108979,101
2024-09-19 13:42:27.282,422.7394943556626,104
2024-09-19 13:42:27.372,422.7398018881579,995
2024-09-19 13:42:27.424,422.7025306359821,11
2024-09-19 13:42:27.457,422.7160230793765,11
2024-09-19 13:42:27.500,422.7611704533249,105
2024-09-19 13:42:27.527,422.6880771610552,105
2024-09-19 13:42:27.527,422.6981802574695,11
2024-09-19 13:42:27.590,422.7630080891665,102
2024-09-19 13:42:27.604,422.7483274592004,9
2024-09-19 13:42:27.718,422.6915105679061,1000
2024-09-19 13:42:27.737,422.7463553433973,103
2024-09-19 13:42:27.790,422.733623133862,1004
2024-09-19 13:42:27.806,422.76531937583206,1003
2024-09-19 13:42:27.827,,102
2024-09-19 13:42:27.840,422.6814398654824,1002
2024-09-19 13:42:27.841,422.76403680758665,15
2024-09-19 13:42:27.876,422.7623065433419,100
2024-09-19 13:42:27.882,422.7398290913018,1001
2024-09-19 13:42:27.994,422.738824194802,1001
2024-09-19 13:42:28.004,422.7690965104243,1002
2024-09-19 13:42:28.036,422.7577196714296,105
2024-09-19 13:42:28.048,422.7629541920207,100
2024-09-19 13:42:28.099,422.7413886032085,96
2024-09-19 13:42:28.137,422.7348889391846,996
2024-09-19 13:42:28.148,422.7158158188532,997
2024-09-19 13:42:28.232,422.7740670336062,15
2024-09-19 13:42:28.284,422.72116625622806,14
2024-09-19 13:42:28.318,422.7775597333771,104
2024-09-19 13:42:28.336,422.7588629105545,14
2024-09-19 13:42:28.347,422.7587986914112,1001
2024-09-19 13:42:28.366,422.7402340944786,1000
2024-09-19 13:42:28.378,422.751134850525,9
2024-09-19 13:42:28.453,422.7289817526135,5
2024-09-19 13:42:28.568,422.7439478881648,1005
2024-09-19 13:42:28.604,422.71645723401474,1000
2024-09-19 13:42:28.744,422.7276779530765,6
2024-09-19 13:42:28.812,,102
2024-09-19 13:42:28.825,422.6960164774656,1001
2024-09-19 13:42:28.838,422.7185862313948,102
2024-09-19 13:42:29.235,422.7384256158611,100
2024-09-19 13:42:29.341,422.7447689410432,104
2024-09-19 13:42:29.348,422.6807757217887,98
2024-09-19 13:42:29.364,422.6951939265261,96
2024-09-19 13:42:29.371,422.7167402270776,15
2024-09-19 13:42:29.378,422.7493280286863,11
2024-09-19 13:42:29.408,422.74535104608617,1002
2024-09-19 13:42:29.466,422.7385365428955,1003
2024-09-19 13:42:29.618,422.74123311711656,5
2024-09-19 13:42:29.712,422.6820033277659,12
2024-09-19 13:42:29.770,422.72377930930094,997
2024-09-19 13:42:29.899,422.7429330993238,100
2024-09-19 13:42:29.900,422.7543130511848,102
2024-09-19 13:42:29.934,422.71151105201903,12
2024-09-19 13:42:29.947,422.72612321397446,101
2024-09-19 13:42:29.959,422.74389799729806,100
2024-09-19 13:42:30.152,422.7021557426951,9
2024-09-19 13:42:30.396,422.6788540549869,1005
2024-09-19 13:42:30.697,422.6865734859859,98
2024-09-19 13:42:30.776,422.7075469578789,1001
2024-09-19 13:42:30.845,422.6879651318709,100
2024-09-19 13:42:30.855,422.6875129328452,8
2024-09-19 13:42:30.864,422.6919108774974,1001
2024-09-19 13:42:30.915,422.6765090150413,101
2024-09-19 13:42:30.950,422.6906499092248,96
2024-09-19 13:42:31.016,422.7125303353171,997
2024-09-19 13:42:31.036,422.6653454664047,12
2024-09-19 13:42:31.042,422.7271128944754,100
2024-09-19 13:42:31.125,422.6752731157726,996
2024-09-19 13:42:31.137,422.7032712547013,103
2024-09-19 13:42:31.212,422.75192038330033,10
2024-09-19 13:42:31.236,422.7125061105806,96
2024-09-19 13:42:31.353,422.7418843568818,96
2024-09-19 13:42:31.402,422.7196382334587,1005
2024-09-19 13:42:31.416,422.6861304482719,98
2024-09-19 13:42:31.445,422.7129808810401,13
2024-09-19 13:42:31.479,422.7441739801685,7
2024-09-19 13:42:31.490,422.7167031159319,10
2024-09-19 13:42:31.571,422.7225337926792,100
2024-09-19 13:42:31.583,422.676663879594,997
2024-09-19 13:42:31.608,422.733864173402,995
2024-09-19 13:42:31.615,422.724379822909,6
2024-09-19 13:42:31.657,422.7445912796754,96
2024-09-19 13:42:31.691,422.6871125467568,7
2024-09-19 13:42:31.694,422.7094013454701,101
2024-09-19 13:42:31.721,422.7275432763867,996
2024-09-19 13:42:31.779,422.72508037616313,101
2024-09-19 13:42:31.819,422.6993216546985,1004
2024-09-19 13:42:31.839,422.722632337515,999
2024-09-19 13:42:31.952,422.6732689829408,98
2024-09-19 13:42:31.965,422.7085586250613,100
2024-09-19 13:42:31.971,422.7284853641637,105
2024-09-19 13:42:32.064,422.7695933611537,1004
2024-09-19 13:42:32.163,422.7864321931841,103
2024-09-19 13:42:32.493,422.8098108107657,1005
2024-09-19 13:42:32.784,422.818252190297,6
2024-09-19 13:42:32.801,422.80607970718535,10
2024-09-19 13:42:33.065,422.7924109348825,6
2024-09-19 13:42:33.089,422.733741337872,96
2024-09-19 13:42:33.138,422.8001079059188,9
2024-09-19 13:42:33.148,422.7582010999215,1001
2024-09-19 13:42:33.151,422.7368817916123,15
2024-09-19 13:42:33.173,422.729084147539,1003
2024-09-19 13:42:33.182,422.745783427937,999
2024-09-19 13:42:33.212,422.76690397522873,12
2024-09-19 13:42:33.293,422.7979254133557,14
2024-09-19 13:42:33.301,422.78836340437,103
2024-09-19 13:42:33.366,422.7697628297684,995
2024-09-19 13:42:33.439,422.7686188306539,13
2024-09-19 13:42:33.461,422.73921113172,998
2024-09-19 13:42:33.476,422.7857803618368,99
2024-09-19 13:42:33.524,422.752054834106,96
2024-09-19 13:42:33.533,422.7568205621628,999
2024-09-19 13:42:33.574,422.78896945314057,1000
2024-09-19 13:42:33.585,422.7705504933312,1002
2024-09-19 13:42:33.585,422.7450752997991,996
2024-09-19 13:42:33.626,422.80738817849806,1005
2024-09-19 13:42:33.703,422.77861113275617,996
2024-09-19 13:42:33.743,422.75064215474526,1004
2024-09-19 13:42:33.758,422.7665339743814,5
2024-09-19 13:42:33.762,422.7444532018722,7
2024-09-19 13:42:33.781,422.7356814295956,5
2024-09-19 13:42:33.826,422.7548927955023,998
2024-09-19 13:42:33.880,422.7611709780799,1004
2024-09-19 13:42:33.882,42.27515906762984,8
2024-09-19 13:42:33.899,422.8062752374356,103
2024-09-19 13:42:33.980,422.7546425505981,995
2024-09-19 13:42:34.026,422.73503005004113,1004
2024-09-19 13:42:34.471,422.7415226390858,6
2024-09-19 13:42:34.853,422.73151670841713,10
2024-09-19 13:42:35.068,422.7042843948673,100
2024-09-19 13:42:35.102,422.7214001336608,1003
2024-09-19 13:42:35.188,422.7337043206473,13
2024-09-19 13:42:35.219,422.71060980544826,5
2024-09-19 13:42:35.246,422.7020385737788,99
2024-09-19 13:42:35.319,422.7342353794887,999
2024-09-19 13:42:35.354,422.7238506956944,5
2024-09-19 13:42:35.428,422.723515972368,95
2024-09-19 13:42:35.428,422.7344509072004,10
2024-09-19 13:42:35.429,422.737091374208,100
2024-09-19 13:42:35.516,422.6819204146504,7
2024-09-19 13:42:35.564,422.7617807037904,1000
2024-09-19 13:42:35.596,422.7463016736952,995
2024-09-19 13:42:35.640,422.7235046937169,1003
2024-09-19 13:42:35.644,422.7157135011684,96
2024-09-19 13:42:35.689,422.7391439850348,997
2024-09-19 13:42:35.717,422.7616097298088,1001
2024-09-19 13:42:35.724,422.7163220621952,7
2024-09-19 13:42:35.814,422.728127362684,95
2024-09-19 13:42:35.859,422.74885451147225,98
2024-09-19 13:42:35.883,422.7164490814598,15
2024-09-19 13:42:35.890,422.6778251291207,5
2024-09-19 13:42:35.898,422.7206126000737,95
2024-09-19 13:42:35.963,,997
2024-09-19 13:42:35.967,422.71660140854567,10
2024-09-19 13:42:36.093,422.6825508291035,101
2024-09-19 13:42:36.124,422.6231699710065,7
2024-09-19 13:42:36.176,422.64424762139,1001
2024-09-19 13:42:36.210,422.64650258783263,98
2024-09-19 13:42:36.306,422.6438794457311,13
2024-09-19 13:42:36.366,422.6188135403288,97
2024-09-19 13:42:36.420,422.6785457676875,7
2024-09-19 13:42:36.609,422.6806539599893,11
2024-09-19 13:42:36.798,422.660038444387,1001
2024-09-19 13:42:36.831,422.63051510138814,96
2024-09-19 13:42:36.895,422.6341976617895,102
2024-09-19 13:42:37.092,422.5345173519118,999
2024-09-19 13:42:37.124,422.6226447500674,12
2024-09-19 13:42:37.147,422.57133856178746,996
2024-09-19 13:42:37.148,422.5636086912078,102
2024-09-19 13:42:37.156,422.5539344073904,996
2024-09-19 13:42:37.266,422.5410507410759,101
2024-09-19 13:42:37.278,422.5705185030026,11
2024-09-19 13:42:37.285,422.6236870906671,12
2024-09-19 13:42:37.330,422.6261164679207,7
2024-09-19 13:42:37.331,422.5326582837913,11
2024-09-19 13:42:37.347,422.5454758086275,5
2024-09-19 13:42:37.357,422.58678136824295,1001
2024-09-19 13:42:37.387,422.56579186787087,5
2024-09-19 13:42:37.438,422.5696897340934,105
2024-09-19 13:42:37.465,422.5270846223982,105
2024-09-19 13:42:37.474,422.544600194046,96
2024-09-19 13:42:37.474,422.5679957800531,1003
2024-09-19 13:42:37.559,422.628659102285,999
2024-09-19 13:42:37.576,422.55851101348384,1001
2024-09-19 13:42:37.683,422.5801985854652,96
2024-09-19 13:42:37.727,422.6158645785293,14
2024-09-19 13:42:37.740,422.5442908813372,6
2024-09-19 13:42:37.807,422.6097622388724,10
2024-09-19 13:42:37.814,422.5621186383042,104
2024-09-19 13:42:38.232,422.524683908707,1005
2024-09-19 13:42:38.254,422.5332261608452,1004
2024-09-19 13:42:38.387,422.543402898276,11
2024-09-19 13:42:38.404,422.5271630625589,5
2024-09-19 13:42:38.525,422.5364408107288,1004
2024-09-19 13:42:38.542,422.5388662542491,100
2024-09-19 13:42:38.555,422.5504174581096,102
2024-09-19 13:42:38.602,422.5291978585447,1000
2024-09-19 13:42:38.688,422.5498114053398,7
2024-09-19 13:42:38.826,422.5248707064179,1002
2024-09-19 13:42:39.154,422.5029780738167,9
2024-09-19 13:42:39.438,422.5018906513433,96
2024-09-19 13:42:39.544,422.5200450403858,101
2024-09-19 13:42:39.879,422.52847054981663,95
2024-09-19 13:42:40.000,422.54329398022975,995
2024-09-19 13:42:40.019,422.5250718708816,1001
2024-09-19 13:42:40.021,422.4998507933382,98
2024-09-19 13:42:40.130,422.51191137479225,1000
2024-09-19 13:42:40.199,422.5536164994585,997
2024-09-19 13:42:40.407,422.52300025439257,998
2024-09-19 13:42:40.436,422.499896228284,1003
2024-09-19 13:42:40.470,422.5272776779635,996
2024-09-19 13:42:40.485,422.5212975730028,9
2024-09-19 13:42:40.491,,1005
2024-09-19 13:42:40.610,422.5198594474869,13
2024-09-19 13:42:40.809,422.5209993506976,996
2024-09-19 13:42:40.978,422.5576019386172,1005
2024-09-19 13:42:41.027,422.5217198790635,996
2024-09-19 13:42:41.034,422.5459744851292,9
2024-09-19 13:42:41.041,422.5092096588228,15
2024-09-19 13:42:41.080,422.520854456132,103
2024-09-19 13:42:41.119,422.5740880362917,103
2024-09-19 13:42:41.232,422.5451155408813,98
2024-09-19 13:42:41.261,422.5612392476938,1002
2024-09-19 13:42:41.286,422.5560176471867,99
2024-09-19 13:42:41.314,42.25488740019435,1004
2024-09-19 13:42:41.349,422.53286380655766,98
2024-09-19 13:42:41.406,422.520810644932,1001
2024-09-19 13:42:41.435,422.5184242204164,12
2024-09-19 13:42:41.475,422.5377496478234,1001
2024-09-19 13:42:41.497,422.48866580843327,98
2024-09-19 13:42:41.511,422.5363691822568,1001
2024-09-19 13:42:41.572,422.5113861190029,95
2024-09-19 13:42:41.602,422.5769561216754,1000
2024-09-19 13:42:41.637,422.5305357553567,105
2024-09-19 13:42:41.679,422.5846187391229,8
2024-09-19 13:42:41.690,422.49586194237145,6
2024-09-19 13:42:41.750,422.57158774167726,13
2024-09-19 13:42:41.819,422.5195189191275,1005
2024-09-19 13:42:41.849,422.5699791398792,95
2024-09-19 13:42:41.942,422.52675366351065,998
2024-09-19 13:42:42.532,422.5939152326341,997
2024-09-19 13:42:43.133,422.59594065092006,1002
2024-09-19 13:42:43.540,422.5973775173776,999
2024-09-19 13:42:44.004,422.4398519344446,102
2024-09-19 13:42:44.018,422.4870156085854,998
2024-09-19 13:42:44.024,422.4312217551652,11
2024-09-19 13:42:44.066,422.4606281990093,13
2024-09-19 13:42:44.078,422.449186183063,14
2024-09-19 13:42:44.109,422.606189065425,8
2024-09-19 13:42:44.203,422.57243850298937,105
2024-09-19 13:42:44.224,422.4891932687146,13
2024-09-19 13:42:44.227,422.48847202767234,1003
2024-09-19 13:42:44.251,422.5923486085012,1001
2024-09-19 13:42:44.323,422.6136755275268,9
2024-09-19 13:42:44.371,422.56008604030046,1004
2024-09-19 13:42:44.463,422.581504704657,1001
2024-09-19 13:42:44.475,422.5131466167045,104
2024-09-19 13:42:44.502,422.5673351182922,103
2024-09-19 13:42:44.555,422.59508626491856,14
2024-09-19 13:42:44.607,422.5897177596527,12
2024-09-19 13:42:44.623,422.5463375850656,6
2024-09-19 13:42:44.749,422.5912353267268,996
2024-09-19 13:42:44.770,422.5938840215704,103
2024-09-19 13:42:44.773,422.520500369899,1005
2024-09-19 13:42:44.782,422.48514936659967,8
2024-09-19 13:42:44.875,422.55213474702,995
2024-09-19 13:42:44.880,422.5210358266998,95
2024-09-19 13:42:44.887,422.50359653048986,997
2024-09-19 13:42:44.893,422.4415190748717,97
2024-09-19 13:42:44.926,422.5156537369152,1004
2024-09-19 13:42:44.961,422.5634740384567,1003
2024-09-19 13:42:45.059,422.4577276999477,101
2024-09-19 13:42:45.961,422.4518658029298,11
2024-09-19 13:42:46.030,422.4475134204712,105
2024-09-19 13:42:46.153,422.45106850817103,14
2024-09-19 13:42:46.310,422.4397700191913,100
2024-09-19 13:42:46.505,422.4175744944713,11
2024-09-19 13:42:46.591,422.43560697840906,96
2024-09-19 13:42:46.608,422.4390937265838,995
2024-09-19 13:42:46.686,422.4252887635533,11
2024-09-19 13:42:46.741,422.4351044600705,105
2024-09-19 13:42:46.768,422.4186100137054,1000
2024-09-19 13:42:46.870,422.43706202660167,6
2024-09-19 13:42:47.126,422.3803778881704,9
2024-09-19 13:42:47.180,422.3597771302118,1003
2024-09-19 13:42:47.460,422.394378138395,12
2024-09-19 13:42:47.567,422.4307069775172,1001
2024-09-19 13:42:47.662,422.4244817467732,1003
2024-09-19 13:42:47.877,422.3715314367198,6
2024-09-19 13:42:47.883,422.4087077969263,6
2024-09-19 13:42:47.924,422.4183236341838,104
2024-09-19 13:42:48.031,422.30577301345966,96
2024-09-19 13:42:48.041,422.322119317904,1002
2024-09-19 13:42:48.181,422.3568282295919,10
2024-09-19 13:42:48.318,422.37100539903,7
2024-09-19 13:42:48.423,422.315769126053,15
2024-09-19 13:42:48.494,422.3437683244792,7
2024-09-19 13:42:48.496,422.344067308583,13
2024-09-19 13:42:48.508,422.365957643564,6
2024-09-19 13:42:48.595,422.31374448738006,101
2024-09-19 13:42:48.609,422.3493043873216,998
2024-09-19 13:42:48.629,422.3336285965556,13
2024-09-19 13:42:48.663,422.35280731999455,12
2024-09-19 13:42:48.683,422.3314650953659,1004
2024-09-19 13:42:48.695,422.3314883333384,10
2024-09-19 13:42:48.751,422.3533595807225,12
2024-09-19 13:42:48.882,422.3342198530931,998
2024-09-19 13:42:48.947,422.31947588186256,98
2024-09-19 13:42:48.964,422.3441998560134,12
2024-09-19 13:42:49.009,422.2940448589225,9
2024-09-19 13:42:49.171,422.3063156877205,1000
2024-09-19 13:42:49.423,422.2713620264393,996
2024-09-19 13:42:49.458,422.286182189886,996
2024-09-19 13:42:49.513,422.2912588413668,12
2024-09-19 13:42:49.733,422.2944047047508,9
2024-09-19 13:42:49.770,422.2701065566126,97
2024-09-19 13:42:49.788,422.2900508769993,8
2024-09-19 13:42:49.826,422.277405106659,999
2024-09-19 13:42:50.011,422.2795729862644,1003
2024-09-19 13:42:50.052,422.191754274638,8
2024-09-19 13:42:50.074,422.2299590521544,101
2024-09-19 13:42:50.138,422.2664007609493,103
2024-09-19 13:42:50.172,422.2640449298204,96
2024-09-19 13:42:50.204,42.22689236969867,97
2024-09-19 13:42:50.205,422.1991191550408,998
2024-09-19 13:42:50.235,422.28631401016935,996
2024-09-19 13:42:50.242,422.232191906972,98
2024-09-19 13:42:50.264,422.26076719205815,7
2024-09-19 13:42:50.288,422.2809635792264,98
2024-09-19 13:42:50.416,422.2751145027318,6
2024-09-19 13:42:50.554,422.2406165688901,105
2024-09-19 13:42:50.596,422.18138433176847,999
2024-09-19 13:42:50.638,422.2826602862883,996
2024-09-19 13:42:50.640,422.289526924943,101
2024-09-19 13:42:50.674,422.2749319157282,97
2024-09-19 13:42:50.725,422.2006105548281,6
2024-09-19 13:42:50.792,422.2611218085239,1003
2024-09-19 13:42:50.984,422.26960469567007,100
2024-09-19 13:42:51.229,422.246383953636,995
2024-09-19 13:42:51.325,422.2693758263774,15
2024-09-19 13:42:51.330,422.2162189834693,14
2024-09-19 13:42:51.813,422.2045297435123,95
2024-09-19 13:42:51.892,422.2501205928492,96
2024-09-19 13:42:52.010,422.19168612975454,995
2024-09-19 13:42:52.018,422.23437000358433,997
2024-09-19 13:42:52.090,422.2233116305402,998
2024-09-19 13:42:52.101,422.21595047287616,13
2024-09-19 13:42:52.149,422.2091478842933,1000
2024-09-19 13:42:52.212,422.2524425154999,101
2024-09-19 13:42:52.220,422.25329563764245,97
2024-09-19 13:42:52.259,422.2527541237162,15
2024-09-19 13:42:52.291,422.20731182338585,15
2024-09-19 13:42:52.317,422.197056852432,999
2024-09-19 13:42:52.388,422.1861487004944,8
2024-09-19 13:42:52.462,422.24134744342814,8
2024-09-19 13:42:52.480,422.253293522674,101
2024-09-19 13:42:52.493,422.2171820831189,95
2024-09-19 13:42:52.518,422.2269762868614,5
2024-09-19 13:42:52.593,422.1764615422392,9
2024-09-19 13:42:52.673,422.2097745362949,995
2024-09-19 13:42:52.729,422.2105005523232,9
2024-09-19 13:42:52.837,422.2142143767006,995
2024-09-19 13:42:52.854,422.20094275703946,1003
2024-09-19 13:42:52.935,422.2104748522847,14
2024-09-19 13:42:53.025,422.2082555621861,105
2024-09-19 13:42:53.026,422.1505833691941,7
2024-09-19 13:42:53.261,422.2094898853336,95
2024-09-19 13:42:53.639,422.20086766545256,95
2024-09-19 13:42:53.801,422.1785358169707,104
2024-09-19 13:42:55.049,422.1564636877582,101
2024-09-19 13:42:55.146,422.1559358548755,998
2024-09-19 13:42:55.183,422.1444151543863,98
2024-09-19 13:42:55.183,422.1558626806974,11
2024-09-19 13:42:55.220,422.1527483615852,996
2024-09-19 13:42:55.227,422.1304916599863,102
2024-09-19 13:42:55.281,422.1455728345997,100
2024-09-19 13:42:55.330,422.163755578098,102
2024-09-19 13:42:55.353,422.1571216470489,11
2024-09-19 13:42:55.415,422.1408299147793,1000
2024-09-19 13:42:55.422,422.1399720576682,1001
2024-09-19 13:42:55.603,422.17242280471226,1001
2024-09-19 13:42:55.609,422.1618912552775,96
2024-09-19 13:42:55.613,422.1382154122998,100
2024-09-19 13:42:55.694,422.1610938276536,97
2024-09-19 13:42:55.725,422.15106914002746,1000
2024-09-19 13:42:55.754,422.1558301694327,97
2024-09-19 13:42:55.815,422.1558882224082,5
2024-09-19 13:42:55.910,422.1810185826152,99
2024-09-19 13:42:55.950,422.132580502484,100
2024-09-19 13:42:55.993,422.162073131545,15
2024-09-19 13:42:57.020,422.1450223307404,1000
2024-09-19 13:42:57.062,422.12240853076565,1005
2024-09-19 13:42:57.093,422.112697936213,97
2024-09-19 13:42:57.095,422.1463639961048,1000
2024-09-19 13:42:57.210,422.1480477916582,1000
2024-09-19 13:42:57.261,422.1446121624278,99
2024-09-19 13:42:57.352,422.1218535987406,97
2024-09-19 13:42:57.388,422.1064903505065,999
2024-09-19 13:42:57.418,422.1190854721608,102
2024-09-19 13:42:57.452,422.13561018674295,100
2024-09-19 13:42:57.457,422.1491547186984,103
2024-09-19 13:42:57.482,422.12007972593216,7
2024-09-19 13:42:57.650,422.1349526791408,97
2024-09-19 13:42:57.773,422.1429242020141,998
2024-09-19 13:42:57.802,422.1279134753229,11
2024-09-19 13:42:57.846,422.1296023376008,12
2024-09-19 13:42:57.870,422.1470339728784,98
2024-09-19 13:42:57.879,422.1470957848382,96
2024-09-19 13:42:57.923,422.1173820617567,103
2024-09-19 13:42:57.982,422.1292841078336,97
2024-09-19 13:42:58.011,422.1646281010189,10
2024-09-19 13:42:58.069,422.1236750586325,8
2024-09-19 13:42:58.113,422.1572174892801,102
2024-09-19 13:42:58.118,422.1374467436033,9
2024-09-19 13:42:58.171,422.10623321790047,96
2024-09-19 13:42:58.180,422.1122515070668,12
2024-09-19 13:42:58.180,422.1362697221889,13
2024-09-19 13:42:58.182,422.1660476589192,6
2024-09-19 13:42:58.212,422.12902087486384,1000
2024-09-19 13:42:58.212,422.1734439274612,9
2024-09-19 13:42:58.223,422.1353827181417,998
2024-09-19 13:42:58.291,422.16790374986505,95
2024-09-19 13:42:58.320,422.1443334329782,101
2024-09-19 13:42:58.359,422.1065906031024,103
2024-09-19 13:42:58.384,422.1742046049345,1001
2024-09-19 13:42:58.392,422.14543044008906,8
2024-09-19 13:42:58.428,422.1929559968855,100
2024-09-19 13:42:58.434,422.12296224636265,96
2024-09-19 13:42:58.442,422.1827357066075,1004
2024-09-19 13:42:58.568,422.1484527323749,5
2024-09-19 13:42:58.682,422.1628927276045,98
2024-09-19 13:42:58.797,422.1746036999126,10
2024-09-19 13:42:58.834,422.1176088038317,5
2024-09-19 13:42:58.836,422.1758183221758,999
2024-09-19 13:42:58.857,422.12155187226585,12
2024-09-19 13:42:58.935,422.152916308603,15
2024-09-19 13:42:58.968,422.16814649702127,1003
2024-09-19 13:42:58.993,422.1690339748856,102
2024-09-19 13:42:59.008,422.0982375921072,1002
2024-09-19 13:42:59.131,422.1226717351881,99
2024-09-19 13:42:59.140,422.12293586468405,105
2024-09-19 13:42:59.244,422.14779165785575,11
2024-09-19 13:42:59.271,422.0837290816617,1003
2024-09-19 13:42:59.318,422.1131548892458,5
2024-09-19 13:42:59.373,422.1592872275456,999
2024-09-19 13:42:59.386,422.11204989785966,997
2024-09-19 13:42:59.391,422.095757075375,996
2024-09-19 13:42:59.429,422.13491399310914,99
2024-09-19 13:42:59.440,422.1038810222479,15
2024-09-19 13:42:59.489,422.15289880013006,97
2024-09-19 13:42:59.513,422.1353374897273,99
2024-09-19 13:42:59.549,422.1236227072076,996
2024-09-19 13:42:59.611,422.11461634246456,999
2024-09-19 13:42:59.642,422.1114318963367,1004
2024-09-19 13:42:59.663,422.12817284115255,97
2024-09-19 13:42:59.733,422.122499623189,9
2024-09-19 13:42:59.798,422.1484267751917,997
2024-09-19 13:42:59.799,422.1141535411018,96
2024-09-19 13:42:59.879,422.1243241007133,10
2024-09-19 13:42:59.906,422.15004064535657,98
2024-09-19 13:42:59.910,422.1083152520165,7
2024-09-19 13:42:59.982,422.1605757950719,105
2024-09-19 13:42:59.997,422.1447313728824,96
