Timestamp,Price,Size
2024-09-16 15:09:00.108,415.5576590093424,100
2024-09-16 15:09:00.125,415.5994491780309,96
2024-09-16 15:09:00.153,415.5816115595591,13
2024-09-16 15:09:00.160,415.5798112632027,100
2024-09-16 15:09:00.192,415.5789331475171,102
2024-09-16 15:09:00.265,415.5750367397535,998
2024-09-16 15:09:00.280,415.5664780281364,102
2024-09-16 15:09:00.337,415.6017407922406,101
2024-09-16 15:09:00.339,415.54142100573534,996
2024-09-16 15:09:00.425,415.5907521608205,7
2024-09-16 15:09:00.508,415.5763440009949,999
2024-09-16 15:09:00.529,415.5918468597719,1001
2024-09-16 15:09:00.556,415.57236753018464,1000
2024-09-16 15:09:00.627,415.5803547154807,10
2024-09-16 15:09:00.664,415.5935036475392,101
2024-09-16 15:09:00.665,415.5714150697886,1003
2024-09-16 15:09:00.673,415.5871545788919,6
2024-09-16 15:09:00.774,415.5699107425051,98
2024-09-16 15:09:00.776,415.5685026746522,6
2024-09-16 15:09:00.898,415.5735515285887,5
2024-09-16 15:09:00.909,415.5695417568641,996
2024-09-16 15:09:00.965,415.5727615731696,997
2024-09-16 15:09:00.976,415.5830085041065,1003
2024-09-16 15:09:00.987,415.5912646297867,14
2024-09-16 15:09:01.056,415.64428164043386,996
2024-09-16 15:09:01.211,415.5507411546874,1000
2024-09-16 15:09:01.279,415.6047948051408,1002
2024-09-16 15:09:01.463,415.5708422489252,99
2024-09-16 15:09:01.464,415.640480614258,998
2024-09-16 15:09:01.484,415.6044171011427,13
2024-09-16 15:09:01.623,415.6291862563468,102
2024-09-16 15:09:01.687,415.5611339392714,996
2024-09-16 15:09:01.699,415.6169873133963,101
2024-09-16 15:09:01.729,415.6301075863652,98
2024-09-16 15:09:01.740,415.5880676212365,105
2024-09-16 15:09:01.777,415.6362100862041,98
2024-09-16 15:09:01.807,415.544430703959,98
2024-09-16 15:09:01.859,415.61378738382376,100
2024-09-16 15:09:01.945,415.5957811843145,99
2024-09-16 15:09:01.998,415.6251587325378,14
2024-09-16 15:09:02.055,415.6170971828082,1000
2024-09-16 15:09:02.070,415.6486719735631,1002
2024-09-16 15:09:02.133,415.63289790046014,5
2024-09-16 15:09:02.265,415.6151712092874,1001
2024-09-16 15:09:02.362,415.6273583759293,996
2024-09-16 15:09:02.389,415.6089349475809,10
2024-09-16 15:09:02.455,415.6206201943592,103
2024-09-16 15:09:02.483,415.61859005344337,6
2024-09-16 15:09:02.623,415.6296950491188,998
2024-09-16 15:09:03.012,415.7137045083263,7
2024-09-16 15:09:03.033,415.6649799996307,103
2024-09-16 15:09:03.091,415.6986810540097,97
2024-09-16 15:09:03.213,415.6990541412181,12
2024-09-16 15:09:03.295,415.62874448583335,13
2024-09-16 15:09:03.364,415.6735435522307,12
2024-09-16 15:09:03.402,419.026262439045,1000
2024-09-16 15:09:03.410,415.6480028019849,12
2024-09-16 15:09:03.470,415.62994379977965,97
2024-09-16 15:09:03.514,415.7046104747625,997
2024-09-16 15:09:03.594,415.7018597801592,1000
2024-09-16 15:09:03.615,415.7128082345504,998
2024-09-16 15:09:03.653,415.6978520044826,8
2024-09-16 15:09:03.678,415.69632856578215,12
2024-09-16 15:09:03.712,415.6601008577599,1003
2024-09-16 15:09:03.851,415.6988637765903,997
2024-09-16 15:09:03.867,415.6713113507022,1000
2024-09-16 15:09:03.893,415.6468893665963,14
2024-09-16 15:09:03.939,415.644256965551,996
2024-09-16 15:09:04.007,415.7212232470142,105
2024-09-16 15:09:04.011,415.7429279270901,7
2024-09-16 15:09:04.175,415.7019285274088,12
2024-09-16 15:09:04.204,415.6954352279308,997
2024-09-16 15:09:04.234,415.7001495053895,103
2024-09-16 15:09:04.287,415.6896072530546,100
2024-09-16 15:09:04.409,415.7177964899723,12
2024-09-16 15:09:04.437,415.7176844990664,99
2024-09-16 15:09:04.462,415.7085415520526,11
2024-09-16 15:09:04.478,415.7199841041492,6
2024-09-16 15:09:04.595,415.721261543629,10
2024-09-16 15:09:04.650,415.7185749469352,997
2024-09-16 15:09:04.715,415.7228783461808,8
2024-09-16 15:09:04.765,415.7211286313504,9
2024-09-16 15:09:04.844,415.69585845757626,5
2024-09-16 15:09:04.851,415.7244693808048,998
2024-09-16 15:09:04.917,415.6903792265338,11
2024-09-16 15:09:04.927,415.7139303229461,11
2024-09-16 15:09:04.932,415.7158488510349,8
2024-09-16 15:09:05.100,415.7394512588431,99
2024-09-16 15:09:05.241,415.74543644154215,95
2024-09-16 15:09:05.252,415.70523897014886,1000
2024-09-16 15:09:05.333,415.7246305601386,997
2024-09-16 15:09:05.414,415.7488846832412,12
2024-09-16 15:09:05.422,415.7223082639426,13
2024-09-16 15:09:05.447,415.73024288504695,99
2024-09-16 15:09:05.477,415.7310640677504,14
2024-09-16 15:09:05.496,415.7213705272976,14
2024-09-16 15:09:05.515,415.7183399645791,6
2024-09-16 15:09:05.556,415.7232653553637,1005
2024-09-16 15:09:05.629,415.7177611260159,996
2024-09-16 15:09:05.682,415.7045185816296,98
2024-09-16 15:09:05.728,415.7119722085597,105
2024-09-16 15:09:05.789,415.73497746879184,95
2024-09-16 15:09:05.953,415.7381957329184,15
2024-09-16 15:09:06.086,415.7464144814957,1002
2024-09-16 15:09:06.138,415.75872112128167,10
2024-09-16 15:09:06.223,415.75035146821887,995
2024-09-16 15:09:06.265,415.7751895149938,999
2024-09-16 15:09:06.377,415.7368513743896,11
2024-09-16 15:09:06.400,415.7332876956395,995
2024-09-16 15:09:06.420,415.75886888209567,105
2024-09-16 15:09:06.450,415.7576089345282,102
2024-09-16 15:09:06.545,415.7511556472562,996
2024-09-16 15:09:06.599,415.750951825852,103
2024-09-16 15:09:06.604,415.76502539015377,104
2024-09-16 15:09:06.611,415.753941726604,15
2024-09-16 15:09:06.641,415.7450056909848,14
2024-09-16 15:09:06.713,415.7293064938499,1002
2024-09-16 15:09:06.777,415.7641664828869,8
2024-09-16 15:09:06.802,415.7368695337364,1002
2024-09-16 15:09:06.855,415.7704511274356,104
2024-09-16 15:09:06.865,415.7486380869554,5
2024-09-16 15:09:06.961,415.74546540172616,996
2024-09-16 15:09:07.029,415.6881283212948,103
2024-09-16 15:09:07.136,415.6411922049817,999
2024-09-16 15:09:07.225,415.7443987330074,998
2024-09-16 15:09:07.267,415.70029143884,998
2024-09-16 15:09:07.310,415.67844529169895,1002
2024-09-16 15:09:07.342,415.6662810065103,96
2024-09-16 15:09:07.441,415.6996943850376,101
2024-09-16 15:09:07.487,415.7230040995518,7
2024-09-16 15:09:07.529,415.6829255482585,5
2024-09-16 15:09:07.558,415.6716559890796,104
2024-09-16 15:09:07.631,415.6626617142141,998
2024-09-16 15:09:07.650,415.6900530666544,999
2024-09-16 15:09:07.699,415.6780063598479,103
2024-09-16 15:09:07.747,415.6752093717072,99
2024-09-16 15:09:07.856,415.7294124262879,99
2024-09-16 15:09:08.132,415.63904345313074,1005
2024-09-16 15:09:08.511,415.6413051752932,98
2024-09-16 15:09:08.798,415.6482451688937,5
2024-09-16 15:09:08.838,415.6382302017982,8
2024-09-16 15:09:09.584,415.65909603272667,97
2024-09-16 15:09:09.840,415.6528793222631,5
2024-09-16 15:09:10.030,415.7165750547515,15
2024-09-16 15:09:10.041,415.7317157590917,1005
2024-09-16 15:09:10.079,415.75939568131446,101
2024-09-16 15:09:10.133,415.768169603847,998
2024-09-16 15:09:10.216,415.6861917369261,998
2024-09-16 15:09:10.299,415.7296110282089,9
2024-09-16 15:09:10.331,415.77086771521806,12
2024-09-16 15:09:10.395,415.7343110209301,13
2024-09-16 15:09:10.515,415.7278092189761,98
2024-09-16 15:09:10.517,415.7770635728343,12
2024-09-16 15:09:10.523,415.72433135807785,1003
2024-09-16 15:09:10.549,415.7454581238665,14
2024-09-16 15:09:10.559,415.6505878220832,11
2024-09-16 15:09:10.606,415.6641354631335,99
2024-09-16 15:09:10.666,415.7628271939467,11
2024-09-16 15:09:10.677,415.656990468673,96
2024-09-16 15:09:10.706,415.6947731235596,1004
2024-09-16 15:09:10.709,415.7175408457544,6
2024-09-16 15:09:10.711,415.76868420795154,102
2024-09-16 15:09:10.731,415.6915787653692,12
2024-09-16 15:09:10.743,415.7547507639202,5
2024-09-16 15:09:10.770,415.7191694341828,7
2024-09-16 15:09:10.784,415.6767017024457,101
2024-09-16 15:09:10.827,415.70689657138297,96
2024-09-16 15:09:10.909,415.7220896306664,7
2024-09-16 15:09:10.910,415.7279381246459,7
2024-09-16 15:09:10.921,415.71935377519134,11
2024-09-16 15:09:10.952,415.74703176341234,97
2024-09-16 15:09:10.981,415.7245034712936,98
2024-09-16 15:09:11.001,415.6905814545975,1002
2024-09-16 15:09:11.010,415.7451062313853,11
2024-09-16 15:09:11.031,415.7389562143345,1002
2024-09-16 15:09:11.037,415.748813367287,997
2024-09-16 15:09:11.158,415.7554689386346,8
2024-09-16 15:09:11.192,415.7040490075631,6
2024-09-16 15:09:11.213,415.71740946793113,97
2024-09-16 15:09:11.231,415.7359808113964,1004
2024-09-16 15:09:11.242,415.7367387152094,999
2024-09-16 15:09:11.255,415.6948290099805,99
2024-09-16 15:09:11.417,415.7123889309574,98
2024-09-16 15:09:11.430,415.7081718778501,103
2024-09-16 15:09:11.435,415.7311904586169,995
2024-09-16 15:09:11.455,415.7260906292613,100
2024-09-16 15:09:11.496,415.70671907100086,13
2024-09-16 15:09:11.515,415.715666094142,996
2024-09-16 15:09:11.566,415.7078024388266,103
2024-09-16 15:09:11.623,415.7063815968403,12
2024-09-16 15:09:11.656,41.572720465249546,995
2024-09-16 15:09:11.697,415.7167168872591,997
2024-09-16 15:09:11.707,415.7289669201013,103
2024-09-16 15:09:11.815,415.7276030129467,97
2024-09-16 15:09:11.838,415.720038016002,1005
2024-09-16 15:09:11.881,415.7266683694287,8
2024-09-16 15:09:11.947,415.7112157991475,995
2024-09-16 15:09:11.976,415.7369529558718,104
2024-09-16 15:09:12.162,415.6664417736925,13
2024-09-16 15:09:12.258,415.6930241664683,6
2024-09-16 15:09:12.273,415.7061679607449,1005
2024-09-16 15:09:12.298,415.6817189344381,1000
2024-09-16 15:09:12.316,415.7110127877918,1000
2024-09-16 15:09:12.374,415.71012251208623,996
2024-09-16 15:09:12.411,415.7256257495599,14
2024-09-16 15:09:12.436,415.6843765104389,997
2024-09-16 15:09:12.440,415.69887185404446,104
2024-09-16 15:09:12.487,415.707625039886,14
2024-09-16 15:09:12.517,415.6879832156265,1003
2024-09-16 15:09:12.681,,15
2024-09-16 15:09:12.809,415.730148361692,98
2024-09-16 15:09:13.050,415.6054927125661,100
2024-09-16 15:09:13.194,415.6542128181064,100
2024-09-16 15:09:13.230,415.6506847172122,10
2024-09-16 15:09:13.258,415.715128126869,997
2024-09-16 15:09:13.258,415.673877074501,997
2024-09-16 15:09:13.266,415.63987329278,1003
2024-09-16 15:09:13.275,415.6854517761408,6
2024-09-16 15:09:13.318,415.6293489863904,1003
2024-09-16 15:09:13.319,415.6626937644315,104
2024-09-16 15:09:13.360,415.60840232805936,14
2024-09-16 15:09:13.454,415.6942300560516,998
2024-09-16 15:09:13.461,415.68369348075606,103
2024-09-16 15:09:13.517,415.6099186862779,10
2024-09-16 15:09:13.553,415.62457247849954,995
2024-09-16 15:09:13.631,415.6759236624618,102
2024-09-16 15:09:13.691,415.7081125060645,999
2024-09-16 15:09:13.752,415.6802195249774,1004
2024-09-16 15:09:13.753,415.5929429848526,98
2024-09-16 15:09:13.802,415.6707996228714,97
2024-09-16 15:09:13.830,415.6787640615832,1003
2024-09-16 15:09:13.844,415.61550229348114,999
2024-09-16 15:09:13.904,415.68759191607217,13
2024-09-16 15:09:13.968,415.6677236548709,995
2024-09-16 15:09:13.971,415.6045955706236,99
2024-09-16 15:09:13.979,415.6664150360766,104
2024-09-16 15:09:14.495,419.3160551166939,97
2024-09-16 15:09:14.980,415.6517425747929,13
2024-09-16 15:09:15.036,415.6318143912413,1005
2024-09-16 15:09:15.044,415.6156365295672,96
2024-09-16 15:09:15.174,415.6302994427882,98
2024-09-16 15:09:15.263,415.64634813819015,1000
2024-09-16 15:09:15.316,415.62005370712063,99
2024-09-16 15:09:15.510,415.6237766387424,1003
2024-09-16 15:09:15.578,415.6486778997356,996
2024-09-16 15:09:15.584,415.6362978657064,1001
2024-09-16 15:09:15.600,415.6438668686515,12
2024-09-16 15:09:15.624,419.2654584682646,1000
2024-09-16 15:09:15.653,415.62021419330847,105
2024-09-16 15:09:15.662,415.64171602635406,10
2024-09-16 15:09:15.914,415.62737881902615,95
2024-09-16 15:09:16.109,415.63968010622807,999
2024-09-16 15:09:16.132,415.6698134953892,15
2024-09-16 15:09:16.197,415.6624659429881,1003
2024-09-16 15:09:16.270,,1003
2024-09-16 15:09:16.334,415.6538725850025,8
2024-09-16 15:09:16.336,415.6964155573132,100
2024-09-16 15:09:16.359,415.6322751762088,97
2024-09-16 15:09:16.383,415.70915945760817,7
2024-09-16 15:09:16.490,415.6584800583251,6
2024-09-16 15:09:16.498,415.6436122355256,98
2024-09-16 15:09:16.585,415.6361475305338,1003
2024-09-16 15:09:16.586,415.6502620901504,104
2024-09-16 15:09:16.587,415.692332767744,996
2024-09-16 15:09:16.652,415.6474843339587,97
2024-09-16 15:09:16.686,415.6853149558619,11
2024-09-16 15:09:16.716,415.67611541766206,13
2024-09-16 15:09:16.757,415.6701759858274,97
2024-09-16 15:09:16.774,415.6189683408079,101
2024-09-16 15:09:16.831,415.6879520355808,1002
2024-09-16 15:09:16.913,415.6133868467573,105
2024-09-16 15:09:16.930,415.6339403645224,6
2024-09-16 15:09:17.121,415.6581993687529,95
2024-09-16 15:09:17.325,415.6450528203928,10
2024-09-16 15:09:17.380,415.6384104781257,96
2024-09-16 15:09:17.502,415.65036958020994,104
2024-09-16 15:09:17.732,415.70092637246313,103
2024-09-16 15:09:17.736,415.70430451385664,997
2024-09-16 15:09:17.885,415.6875986532965,1003
2024-09-16 15:09:18.002,415.7295629943005,995
2024-09-16 15:09:18.025,415.7122958536367,995
2024-09-16 15:09:18.040,415.7071679891242,995
2024-09-16 15:09:18.049,415.7496121003984,999
2024-09-16 15:09:18.062,415.7280398577913,14
2024-09-16 15:09:18.069,415.6903924081091,1002
2024-09-16 15:09:18.077,415.71016436240257,1001
2024-09-16 15:09:18.153,415.74296305131446,11
2024-09-16 15:09:18.276,415.7314205775496,995
2024-09-16 15:09:18.308,415.7406821132125,15
2024-09-16 15:09:18.372,415.68797216976,1000
2024-09-16 15:09:18.486,415.7269115778319,8
2024-09-16 15:09:18.535,415.7214514613604,1005
2024-09-16 15:09:18.556,415.68678676772055,6
2024-09-16 15:09:18.578,419.46385130883226,1005
2024-09-16 15:09:18.648,415.7169556905797,6
2024-09-16 15:09:18.730,415.7127553558742,5
2024-09-16 15:09:18.758,415.69609634801225,95
2024-09-16 15:09:18.797,415.7027062428584,105
2024-09-16 15:09:18.802,415.7311042221614,104
2024-09-16 15:09:18.882,415.6767627584695,7
2024-09-16 15:09:18.922,415.6902507139573,10
2024-09-16 15:09:19.038,415.79896504010105,996
2024-09-16 15:09:19.041,415.7336918720895,97
2024-09-16 15:09:19.041,415.7869736858288,6
2024-09-16 15:09:19.053,415.73467384149086,996
2024-09-16 15:09:19.103,415.7629567085132,98
2024-09-16 15:09:19.173,415.7654779130958,101
2024-09-16 15:09:19.184,415.74174434949424,997
2024-09-16 15:09:19.225,415.8154889422679,995
2024-09-16 15:09:19.238,415.72410469438125,999
2024-09-16 15:09:19.256,415.7469736834861,14
2024-09-16 15:09:19.353,415.7766376950495,7
2024-09-16 15:09:19.502,415.8233648924689,1005
2024-09-16 15:09:19.573,415.8050590718744,1003
2024-09-16 15:09:19.602,415.7815399424749,99
2024-09-16 15:09:19.619,415.80157926919134,13
2024-09-16 15:09:19.631,415.7663924225567,1001
2024-09-16 15:09:19.707,415.7726180903453,12
2024-09-16 15:09:19.720,415.80534713606505,5
2024-09-16 15:09:19.739,415.762099236419,98
2024-09-16 15:09:19.756,415.80123887950606,99
2024-09-16 15:09:19.766,415.8353574938451,104
2024-09-16 15:09:19.776,415.7557833459279,7
2024-09-16 15:09:19.786,415.7636877954236,101
2024-09-16 15:09:19.843,415.7182332727639,101
2024-09-16 15:09:19.878,415.775375247416,100
2024-09-16 15:09:19.885,415.75220693634543,14
2024-09-16 15:09:20.123,415.86466935727634,5
2024-09-16 15:09:20.146,415.8650394799996,8
2024-09-16 15:09:20.147,415.8488431292871,8
2024-09-16 15:09:20.245,415.8950218123616,97
2024-09-16 15:09:20.248,415.8397100168693,998
2024-09-16 15:09:20.286,415.8618889654072,11
2024-09-16 15:09:20.315,415.8421255230277,6
2024-09-16 15:09:20.327,415.8476510747235,13
2024-09-16 15:09:20.375,415.8538746186096,1000
2024-09-16 15:09:20.381,415.8896089685162,13
2024-09-16 15:09:20.394,415.8954387716034,1000
2024-09-16 15:09:20.525,415.8300076146374,12
2024-09-16 15:09:20.529,415.8754020837536,1002
2024-09-16 15:09:20.560,415.8535672684648,13
2024-09-16 15:09:20.581,415.8756364718784,995
2024-09-16 15:09:20.594,415.8576387046081,13
2024-09-16 15:09:20.737,415.8196354573975,14
2024-09-16 15:09:20.739,415.85871905635935,105
2024-09-16 15:09:20.797,415.84474018146045,8
2024-09-16 15:09:20.803,415.8435781149341,1002
2024-09-16 15:09:20.814,415.8667961597902,1005
2024-09-16 15:09:20.819,415.8543871483771,14
2024-09-16 15:09:20.877,415.83264112949576,102
2024-09-16 15:09:20.897,415.8841267475796,13
2024-09-16 15:09:20.918,415.83499659325696,7
2024-09-16 15:09:20.924,415.860405539143,996
2024-09-16 15:09:20.936,415.831500634427,95
2024-09-16 15:09:20.967,415.843745694379,102
2024-09-16 15:09:21.120,415.8471639361929,5
2024-09-16 15:09:21.268,415.8844035298377,995
2024-09-16 15:09:21.278,415.8377175650131,11
2024-09-16 15:09:21.483,415.8448691913303,11
2024-09-16 15:09:21.494,415.8459825690626,97
2024-09-16 15:09:21.533,415.8465916247169,11
2024-09-16 15:09:21.624,415.876064259808,7
2024-09-16 15:09:21.731,415.87897711090113,997
2024-09-16 15:09:21.745,41.58707174521823,1005
2024-09-16 15:09:21.771,415.8443290058976,995
2024-09-16 15:09:21.799,415.8514980766545,95
2024-09-16 15:09:21.813,415.8529850865456,99
2024-09-16 15:09:21.851,415.8728123296278,1000
2024-09-16 15:09:21.872,415.83939156329785,5
2024-09-16 15:09:21.906,415.8470223970652,10
2024-09-16 15:09:22.578,415.8342564008578,103
2024-09-16 15:09:22.868,415.8630646474451,14
2024-09-16 15:09:22.991,415.8783275443088,1001
2024-09-16 15:09:23.061,415.71876140467583,98
2024-09-16 15:09:23.071,415.73012958712906,10
2024-09-16 15:09:23.092,415.7987337403607,103
2024-09-16 15:09:23.106,415.8684450051172,995
2024-09-16 15:09:23.124,415.8324497438479,100
2024-09-16 15:09:23.312,415.79006092054976,1005
2024-09-16 15:09:23.357,415.7642909925622,5
2024-09-16 15:09:23.362,415.7565150381522,99
2024-09-16 15:09:23.421,415.8664102381933,97
2024-09-16 15:09:23.670,415.8015820767915,997
2024-09-16 15:09:23.679,415.7859923387313,6
2024-09-16 15:09:23.691,419.5609691733527,11
2024-09-16 15:09:23.801,415.8221372420146,103
2024-09-16 15:09:23.894,-415.8631365808338,103
2024-09-16 15:09:23.896,415.7575909596256,1004
2024-09-16 15:09:23.920,415.7574984781783,9
2024-09-16 15:09:23.958,415.8025252985949,102
2024-09-16 15:09:23.979,415.7248154406549,15
2024-09-16 15:09:23.998,415.7596008772104,998
2024-09-16 15:09:24.016,415.7321423071237,101
2024-09-16 15:09:24.030,415.7179446806213,1001
2024-09-16 15:09:24.071,415.7109210446802,1001
2024-09-16 15:09:24.107,415.7357790554791,15
2024-09-16 15:09:24.280,415.7053922654459,15
2024-09-16 15:09:24.282,415.72685087629,5
2024-09-16 15:09:24.290,415.7202138229063,100
2024-09-16 15:09:24.335,415.7090586933263,7
2024-09-16 15:09:24.359,415.7389207933945,95
2024-09-16 15:09:24.383,415.7126565738645,102
2024-09-16 15:09:24.384,415.7382709550571,101
2024-09-16 15:09:24.397,415.7043626185912,15
2024-09-16 15:09:24.451,415.7131906598793,105
2024-09-16 15:09:24.552,415.7264468528733,1002
2024-09-16 15:09:24.586,415.7142164717986,12
2024-09-16 15:09:24.631,415.7249115493507,7
2024-09-16 15:09:24.688,415.7208650892064,6
2024-09-16 15:09:24.707,415.7247235982989,95
2024-09-16 15:09:24.762,415.7129436450428,8
2024-09-16 15:09:24.902,415.7172735555623,98
2024-09-16 15:09:25.035,415.7140453193293,1002
2024-09-16 15:09:25.095,415.7032748493067,1005
2024-09-16 15:09:25.112,415.7358993878457,14
2024-09-16 15:09:25.113,415.74354760336746,7
2024-09-16 15:09:25.202,415.71292098769794,995
2024-09-16 15:09:25.272,415.7363033088191,9
2024-09-16 15:09:25.291,415.7437304969563,1000
2024-09-16 15:09:25.344,415.7176197640284,10
2024-09-16 15:09:25.345,415.7381777550808,998
2024-09-16 15:09:25.361,415.7228229830835,996
2024-09-16 15:09:25.384,415.73001134501135,95
2024-09-16 15:09:25.399,415.7426525232389,997
2024-09-16 15:09:25.421,415.7038496963003,98
2024-09-16 15:09:25.499,415.7466626907852,100
2024-09-16 15:09:25.615,415.7136826521628,102
2024-09-16 15:09:25.650,415.71002026285896,99
2024-09-16 15:09:25.672,415.7350022822988,98
2024-09-16 15:09:25.714,415.731018815537,95
2024-09-16 15:09:25.784,415.70765769502975,97
2024-09-16 15:09:25.812,415.7462139256261,101
2024-09-16 15:09:25.937,415.6887551015636,99
2024-09-16 15:09:25.948,415.6974584070219,98
2024-09-16 15:09:25.959,415.7565991131091,12
2024-09-16 15:09:25.986,415.7136209651123,104
2024-09-16 15:09:26.445,415.7191211508842,996
2024-09-16 15:09:26.579,415.7284785176657,1000
2024-09-16 15:09:26.606,415.72441482213935,999
2024-09-16 15:09:26.686,415.7158571866937,12
2024-09-16 15:09:26.731,415.7167182037127,1005
2024-09-16 15:09:26.818,415.7238857721601,15
2024-09-16 15:09:26.873,415.73740296018775,97
2024-09-16 15:09:26.892,415.7154652344907,1002
2024-09-16 15:09:27.004,415.7804502492074,7
2024-09-16 15:09:27.036,-415.767020329667,11
2024-09-16 15:09:27.098,415.75277915030415,1005
2024-09-16 15:09:27.121,415.7868119935205,95
2024-09-16 15:09:27.122,415.71818850254255,5
2024-09-16 15:09:27.201,415.7865487140946,8
2024-09-16 15:09:27.223,415.7652434347116,1001
2024-09-16 15:09:27.231,415.75280211133713,1004
2024-09-16 15:09:27.231,-415.74225234277566,15
2024-09-16 15:09:27.254,415.7528986772707,100
2024-09-16 15:09:27.365,415.7492929038734,97
2024-09-16 15:09:27.465,415.73120922582285,5
2024-09-16 15:09:27.521,415.7778748623754,101
2024-09-16 15:09:27.577,415.7472609695386,101
2024-09-16 15:09:27.579,415.7750784167394,96
2024-09-16 15:09:27.612,415.7588716496901,8
2024-09-16 15:09:27.681,415.73513083565,12
2024-09-16 15:09:27.726,415.7850035433796,1003
2024-09-16 15:09:27.740,415.7767947057603,96
2024-09-16 15:09:27.760,415.7632878898641,6
2024-09-16 15:09:27.962,415.7571987088575,96
2024-09-16 15:09:27.994,415.7884153288301,12
2024-09-16 15:09:28.000,419.58100257476656,1000
2024-09-16 15:09:28.054,415.81143059328656,9
2024-09-16 15:09:28.070,415.773232455188,13
2024-09-16 15:09:28.188,415.8714040440704,12
2024-09-16 15:09:28.249,415.8417891869157,95
2024-09-16 15:09:28.351,415.8005856263157,1003
2024-09-16 15:09:28.367,415.8058931982046,998
2024-09-16 15:09:28.461,415.8155561735768,99
2024-09-16 15:09:28.494,415.8282817829474,5
2024-09-16 15:09:28.513,415.7695037617948,95
2024-09-16 15:09:28.552,415.79087198131424,995
2024-09-16 15:09:28.590,415.7645534808548,11
2024-09-16 15:09:28.754,415.8376798290058,13
2024-09-16 15:09:28.758,415.7551813616362,99
2024-09-16 15:09:28.788,415.7740758076098,999
2024-09-16 15:09:29.001,415.8261377136224,103
2024-09-16 15:09:29.004,415.82990365714113,1002
2024-09-16 15:09:29.061,415.826393918374,10
2024-09-16 15:09:29.134,415.88592150447846,1002
2024-09-16 15:09:29.208,415.8217818067597,99
2024-09-16 15:09:29.353,415.8230387570933,1002
2024-09-16 15:09:29.396,415.811794285206,997
2024-09-16 15:09:29.414,415.83820249335935,11
2024-09-16 15:09:29.471,415.8508958806648,999
2024-09-16 15:09:29.488,415.816305987488,12
2024-09-16 15:09:29.523,415.8154486918268,101
2024-09-16 15:09:29.561,415.792502533729,1003
2024-09-16 15:09:29.600,415.887834018008,8
2024-09-16 15:09:29.614,415.81302431192415,13
2024-09-16 15:09:29.614,415.8344030087106,999
2024-09-16 15:09:29.702,415.7989213634384,999
2024-09-16 15:09:29.758,415.7759305727592,1003
2024-09-16 15:09:29.784,415.8218092414611,5
2024-09-16 15:09:29.790,415.7874530376819,999
2024-09-16 15:09:29.810,415.8104908175088,103
2024-09-16 15:09:29.819,415.8153088471983,6
2024-09-16 15:09:29.848,415.8285166270263,12
2024-09-16 15:09:29.911,415.79136697832,1003
2024-09-16 15:09:29.949,-415.8191875312376,999
2024-09-16 15:09:29.965,415.8055402761391,105
2024-09-16 15:09:29.993,415.8340474304948,100
2024-09-16 15:09:29.999,415.7821311479822,5
2024-09-16 15:09:30.056,415.80207908317607,1003
2024-09-16 15:09:30.077,415.8173267931688,996
2024-09-16 15:09:30.261,415.8125279598561,7
2024-09-16 15:09:30.350,415.7978680669017,14
2024-09-16 15:09:30.433,415.78753265012926,99
2024-09-16 15:09:30.702,415.7989325021867,96
2024-09-16 15:09:30.815,415.7973782460367,999
2024-09-16 15:09:30.979,415.81405041967,99
2024-09-16 15:09:31.032,415.9079098088788,996
2024-09-16 15:09:31.131,415.84845711852256,11
2024-09-16 15:09:31.189,415.8233300564448,998
2024-09-16 15:09:31.221,415.8139229541112,1000
2024-09-16 15:09:31.279,415.8491085573289,101
2024-09-16 15:09:31.298,415.9018180641482,13
2024-09-16 15:09:31.357,415.8903514379168,99
2024-09-16 15:09:31.361,415.84625849329296,1003
2024-09-16 15:09:31.377,415.8978594909965,102
2024-09-16 15:09:31.412,415.8029625771511,103
2024-09-16 15:09:31.441,415.797010026248,97
2024-09-16 15:09:31.463,415.9056338708477,15
2024-09-16 15:09:31.573,415.7958549459592,997
2024-09-16 15:09:31.577,415.8530923547205,1000
2024-09-16 15:09:31.612,415.83394461364566,8
2024-09-16 15:09:31.621,415.86766838819545,10
2024-09-16 15:09:31.637,415.9047634140692,1002
2024-09-16 15:09:31.662,415.9049420259532,101
2024-09-16 15:09:31.666,415.89743824792913,7
2024-09-16 15:09:31.673,415.7976725590296,6
2024-09-16 15:09:31.754,415.8037849008344,998
2024-09-16 15:09:31.967,415.8879688295276,999
2024-09-16 15:09:31.970,415.8788182680879,13
2024-09-16 15:09:32.035,415.8839116976444,995
2024-09-16 15:09:32.046,415.89332956678,99
2024-09-16 15:09:32.084,415.89582977838455,105
2024-09-16 15:09:32.179,415.8600504688605,8
2024-09-16 15:09:32.363,415.86411083731286,12
2024-09-16 15:09:32.378,415.88997439722544,12
2024-09-16 15:09:32.425,415.88369879849,13
2024-09-16 15:09:32.455,415.8728553784844,7
2024-09-16 15:09:32.499,415.87691468264666,5
2024-09-16 15:09:32.525,415.90163510393137,95
2024-09-16 15:09:32.527,415.8934865430421,11
2024-09-16 15:09:32.554,415.8871151825719,101
2024-09-16 15:09:32.566,415.88212673603664,999
2024-09-16 15:09:32.597,415.8681139992349,9
2024-09-16 15:09:32.694,415.8800393710355,1001
2024-09-16 15:09:32.728,415.8904670000984,1000
2024-09-16 15:09:32.750,415.8770610413529,995
2024-09-16 15:09:32.807,415.9083692362431,5
2024-09-16 15:09:32.924,415.88280255259417,101
2024-09-16 15:09:32.935,415.9021930706463,97
2024-09-16 15:09:33.280,415.8877564441943,996
2024-09-16 15:09:33.335,415.903465819269,996
2024-09-16 15:09:33.494,415.85622219046815,101
2024-09-16 15:09:33.512,415.89053001559387,1005
2024-09-16 15:09:33.573,415.8707076233439,995
2024-09-16 15:09:33.666,415.86380774478704,5
2024-09-16 15:09:33.710,415.8893918266845,102
2024-09-16 15:09:33.882,415.8916297577746,6
2024-09-16 15:09:34.123,419.622150861196,8
2024-09-16 15:09:34.123,415.87957671196045,104
2024-09-16 15:09:34.273,415.8706851284886,999
2024-09-16 15:09:34.379,415.8639435265023,99
2024-09-16 15:09:34.433,415.8885192067371,5
2024-09-16 15:09:34.503,415.8599596132635,8
2024-09-16 15:09:34.528,415.86626408611903,101
2024-09-16 15:09:34.570,415.8798938819552,1004
2024-09-16 15:09:34.579,415.85718297488665,11
2024-09-16 15:09:34.611,415.8601391307034,96
2024-09-16 15:09:34.618,415.87855857995663,5
2024-09-16 15:09:34.657,415.8783011734264,14
2024-09-16 15:09:34.698,415.8648249563678,7
2024-09-16 15:09:34.753,415.86979784418185,9
2024-09-16 15:09:35.000,415.9240169449514,99
2024-09-16 15:09:35.044,415.9182717464674,12
2024-09-16 15:09:35.063,415.9395992448857,6
2024-09-16 15:09:35.080,415.9751724128532,1003
2024-09-16 15:09:35.086,415.9601819081017,8
2024-09-16 15:09:35.190,415.9360141629618,103
2024-09-16 15:09:35.278,415.9302516112817,10
2024-09-16 15:09:35.353,415.9080878807397,103
2024-09-16 15:09:35.478,415.89598426330537,13
2024-09-16 15:09:35.492,415.9150643870281,998
2024-09-16 15:09:35.563,415.9126964896234,1002
2024-09-16 15:09:35.632,415.9098952003684,1001
2024-09-16 15:09:35.644,415.9466121940456,96
2024-09-16 15:09:35.693,415.9959061289099,95
2024-09-16 15:09:35.703,415.8807825947727,999
2024-09-16 15:09:35.724,415.903051664983,105
2024-09-16 15:09:35.739,415.9176519163256,102
2024-09-16 15:09:35.740,419.60410609294365,12
2024-09-16 15:09:35.836,415.8865110759917,999
2024-09-16 15:09:35.900,415.92966016996536,995
2024-09-16 15:09:35.962,415.9204556812584,97
2024-09-16 15:09:35.989,415.92682177404,1004
2024-09-16 15:09:35.990,415.9445342026348,105
2024-09-16 15:09:36.018,416.0337259561993,15
2024-09-16 15:09:36.145,415.9908698682974,9
2024-09-16 15:09:36.208,416.00584363192905,99
2024-09-16 15:09:36.270,416.0029204960341,997
2024-09-16 15:09:36.310,416.0011826957128,999
2024-09-16 15:09:36.375,416.0073826359279,999
2024-09-16 15:09:36.433,416.02752257956433,95
2024-09-16 15:09:36.443,416.0276832308549,15
2024-09-16 15:09:36.515,415.9926100332135,14
2024-09-16 15:09:36.575,415.9963603018747,999
2024-09-16 15:09:36.576,415.99925335834297,97
2024-09-16 15:09:36.582,416.00992174086826,1000
2024-09-16 15:09:36.620,416.0446930035625,999
2024-09-16 15:09:36.726,416.0220052747169,1001
2024-09-16 15:09:36.735,415.994572368108,1000
2024-09-16 15:09:36.765,416.0030912107367,11
2024-09-16 15:09:36.806,416.0003305832125,11
2024-09-16 15:09:36.808,415.9881436858983,995
2024-09-16 15:09:36.945,416.0441662403672,98
2024-09-16 15:09:36.965,416.0216317182525,1001
2024-09-16 15:09:37.049,416.01396535235415,99
2024-09-16 15:09:37.104,415.9945032902166,10
2024-09-16 15:09:37.124,415.9924456512318,101
2024-09-16 15:09:37.211,415.9934564376235,12
2024-09-16 15:09:37.224,415.9902700289284,1001
2024-09-16 15:09:37.231,416.0005214331341,99
2024-09-16 15:09:37.344,415.9957011142758,997
2024-09-16 15:09:37.360,416.0237506318927,96
2024-09-16 15:09:37.520,416.0092047483665,100
2024-09-16 15:09:37.523,416.00218736312326,100
2024-09-16 15:09:37.532,415.99038654316894,11
2024-09-16 15:09:37.703,41.60050815598999,7
2024-09-16 15:09:37.857,416.0035021355903,10
2024-09-16 15:09:37.955,415.9873175806911,1003
2024-09-16 15:09:38.019,416.0279352147367,998
2024-09-16 15:09:38.135,416.0442406400762,102
2024-09-16 15:09:38.155,416.01345161599136,1005
2024-09-16 15:09:38.172,416.06502559566366,102
2024-09-16 15:09:38.198,416.03510656819776,997
2024-09-16 15:09:38.232,416.04149500737486,95
2024-09-16 15:09:38.244,416.0682608375978,97
2024-09-16 15:09:38.260,416.0825267973119,97
2024-09-16 15:09:38.271,416.0355159659191,101
2024-09-16 15:09:38.279,416.043543588017,7
2024-09-16 15:09:38.424,416.0223585456021,7
2024-09-16 15:09:38.460,416.0327314363095,102
2024-09-16 15:09:38.474,416.0672081350911,95
2024-09-16 15:09:38.509,416.07227608537534,104
2024-09-16 15:09:38.547,416.0340005463351,997
2024-09-16 15:09:38.553,416.07196703885046,103
2024-09-16 15:09:38.595,416.0382336754182,1002
2024-09-16 15:09:38.614,416.04969062326165,6
2024-09-16 15:09:38.642,416.0085487287863,9
2024-09-16 15:09:38.647,416.07098117434015,102
2024-09-16 15:09:38.686,416.026854261403,12
2024-09-16 15:09:38.779,416.0388737387222,101
2024-09-16 15:09:38.826,416.0326737032676,12
2024-09-16 15:09:38.828,416.0297153451685,103
2024-09-16 15:09:38.842,416.02636539102826,97
2024-09-16 15:09:38.941,416.04476434187467,104
2024-09-16 15:09:38.947,416.02780717974224,99
2024-09-16 15:09:38.958,416.0456081820236,1000
2024-09-16 15:09:38.966,416.0525279059826,1004
2024-09-16 15:09:38.966,416.0428026878619,101
2024-09-16 15:09:39.022,416.1183749614744,995
2024-09-16 15:09:39.039,416.0767216626324,99
2024-09-16 15:09:39.098,416.0358154575394,95
2024-09-16 15:09:39.114,416.0632157699994,99
2024-09-16 15:09:39.195,416.11717455701125,8
2024-09-16 15:09:39.201,416.0324628221535,995
2024-09-16 15:09:39.202,416.0951353817643,1005
2024-09-16 15:09:39.232,416.0933495561322,101
2024-09-16 15:09:39.287,41.60775413345517,15
2024-09-16 15:09:39.327,416.0879524773481,103
2024-09-16 15:09:39.330,416.0769540151558,1002
2024-09-16 15:09:39.352,416.1167272572743,13
2024-09-16 15:09:39.378,416.0777822962438,97
2024-09-16 15:09:39.418,416.1206842909932,99
2024-09-16 15:09:39.559,416.0545937449587,105
2024-09-16 15:09:39.606,416.0773259807079,104
2024-09-16 15:09:39.633,416.055352715006,10
2024-09-16 15:09:39.667,416.0578863131126,1000
2024-09-16 15:09:39.694,416.0473009859651,97
2024-09-16 15:09:39.766,416.0671104003841,5
2024-09-16 15:09:39.834,416.067074066088,8
2024-09-16 15:09:39.841,416.0490800871388,995
2024-09-16 15:09:39.925,416.10098121847017,95
2024-09-16 15:09:40.024,416.0683709275832,102
2024-09-16 15:09:40.041,416.1912877698379,996
2024-09-16 15:09:40.050,416.0679156015286,1000
2024-09-16 15:09:40.208,416.0953879126551,97
2024-09-16 15:09:40.211,416.1126887840634,996
2024-09-16 15:09:40.221,416.1176223764614,1004
2024-09-16 15:09:40.229,416.0855547624498,1004
2024-09-16 15:09:40.276,416.0828974384133,1004
2024-09-16 15:09:40.311,416.0985265831286,7
2024-09-16 15:09:40.391,416.094118170384,1001
2024-09-16 15:09:40.416,416.1613756899638,14
2024-09-16 15:09:40.433,416.1416634243554,998
2024-09-16 15:09:40.442,416.1119355856981,98
2024-09-16 15:09:40.502,416.1613169887012,995
2024-09-16 15:09:40.531,416.18885191656926,101
2024-09-16 15:09:40.532,416.1839186290903,103
2024-09-16 15:09:40.606,416.08858422790365,995
2024-09-16 15:09:40.617,416.198931966342,999
2024-09-16 15:09:40.644,416.1852158678024,5
2024-09-16 15:09:40.667,416.1261176991835,104
2024-09-16 15:09:40.732,416.1674807198483,104
2024-09-16 15:09:40.735,416.1853824945691,998
2024-09-16 15:09:40.780,416.20916375743474,15
2024-09-16 15:09:40.798,416.1615413141388,11
2024-09-16 15:09:40.802,416.16436766329423,6
2024-09-16 15:09:40.837,416.08398867557423,101
2024-09-16 15:09:40.911,416.199648679992,999
2024-09-16 15:09:40.940,416.15641477694953,95
2024-09-16 15:09:40.958,416.0767480507213,7
2024-09-16 15:09:40.982,416.1711270115756,96
2024-09-16 15:09:41.044,416.2138539957163,999
2024-09-16 15:09:41.062,416.22388935644113,104
2024-09-16 15:09:41.063,416.2075475227153,1001
2024-09-16 15:09:41.089,416.1955793699126,7
2024-09-16 15:09:41.136,416.2287100259703,6
2024-09-16 15:09:41.215,416.218314671295,98
2024-09-16 15:09:41.218,416.20509824730806,1003
2024-09-16 15:09:41.255,416.2163088760356,1001
2024-09-16 15:09:41.263,416.1934348422401,997
2024-09-16 15:09:41.304,416.2165917674789,100
2024-09-16 15:09:41.381,416.2056853242429,12
2024-09-16 15:09:41.394,416.23640289122176,10
2024-09-16 15:09:41.402,416.2029217013043,996
2024-09-16 15:09:41.639,416.2314475222248,15
2024-09-16 15:09:41.652,416.2176898910381,998
2024-09-16 15:09:41.668,416.2003833196801,102
2024-09-16 15:09:41.680,416.2241945246944,101
2024-09-16 15:09:41.680,416.198160880483,5
2024-09-16 15:09:41.760,416.2063553676516,999
2024-09-16 15:09:41.829,416.1986891768803,1003
2024-09-16 15:09:41.869,416.2330944383379,995
2024-09-16 15:09:41.954,416.22574853899664,7
2024-09-16 15:09:42.021,416.2546843677234,15
2024-09-16 15:09:42.022,416.27832475891313,9
2024-09-16 15:09:42.061,416.2400335957611,8
2024-09-16 15:09:42.080,416.24418250475617,7
2024-09-16 15:09:42.104,416.2589093623197,998
2024-09-16 15:09:42.119,416.251959812852,12
2024-09-16 15:09:42.164,416.2536796003329,8
2024-09-16 15:09:42.191,416.2643334293392,95
2024-09-16 15:09:42.231,416.2734537533064,9
2024-09-16 15:09:42.243,416.28738276077775,9
2024-09-16 15:09:42.340,416.2523112190585,100
2024-09-16 15:09:42.399,416.24590851901416,15
2024-09-16 15:09:42.411,416.27917626520366,95
2024-09-16 15:09:42.437,416.2584469668386,998
2024-09-16 15:09:42.458,416.2352846354536,97
2024-09-16 15:09:42.507,416.2511788908617,6
2024-09-16 15:09:42.591,416.2451317650338,10
2024-09-16 15:09:42.674,416.28184216293033,98
2024-09-16 15:09:42.737,416.28416906627217,13
2024-09-16 15:09:42.764,416.2440217172946,1000
2024-09-16 15:09:42.795,416.2773401353388,5
2024-09-16 15:09:42.824,416.24040061587993,7
2024-09-16 15:09:42.836,416.3006031175257,100
2024-09-16 15:09:42.970,416.2509722800044,12
2024-09-16 15:09:43.065,416.2952894488429,12
2024-09-16 15:09:43.100,416.2981288584632,10
2024-09-16 15:09:43.139,416.2698970316329,104
2024-09-16 15:09:43.193,416.2745975742524,997
2024-09-16 15:09:43.241,416.2851691884188,8
2024-09-16 15:09:43.334,416.2948827069062,1000
2024-09-16 15:09:43.375,416.2698202737522,95
2024-09-16 15:09:43.476,416.2778172561768,101
2024-09-16 15:09:43.526,416.280053170628,8
2024-09-16 15:09:43.528,416.28650408880566,103
2024-09-16 15:09:43.554,416.2848160007704,95
2024-09-16 15:09:43.588,416.2722566139189,9
2024-09-16 15:09:43.655,416.2813718533918,95
2024-09-16 15:09:43.677,416.2994530693382,102
2024-09-16 15:09:43.695,416.2905936743248,1002
2024-09-16 15:09:43.726,416.281152524421,999
2024-09-16 15:09:43.788,416.27361262561567,1000
2024-09-16 15:09:43.849,416.2942996934641,9
2024-09-16 15:09:43.871,416.2924887339325,1000
2024-09-16 15:09:43.892,416.2908951449251,1002
2024-09-16 15:09:43.898,416.2894978782652,97
2024-09-16 15:09:43.925,416.2851584443652,101
2024-09-16 15:09:43.928,416.2850194059751,100
2024-09-16 15:09:43.959,416.2733448024344,6
2024-09-16 15:09:43.995,416.2693092142549,9
2024-09-16 15:09:44.020,416.2340016732198,995
2024-09-16 15:09:44.054,416.22833266554136,13
2024-09-16 15:09:44.174,416.2472269593815,5
2024-09-16 15:09:44.193,416.2476257888667,15
2024-09-16 15:09:44.502,416.24309390061575,101
2024-09-16 15:09:44.545,416.3115095387728,999
2024-09-16 15:09:44.619,416.2721619943726,11
2024-09-16 15:09:44.674,416.2526677395151,101
2024-09-16 15:09:44.686,416.24154291462327,995
2024-09-16 15:09:44.742,416.25516653338434,6
2024-09-16 15:09:44.762,416.30323615028345,996
2024-09-16 15:09:44.803,416.2968122174136,102
2024-09-16 15:09:44.940,416.2337586676842,12
2024-09-16 15:09:44.961,416.2341638955148,7
2024-09-16 15:09:44.995,416.2883046173302,14
2024-09-16 15:09:44.998,416.29041007078257,5
2024-09-16 15:09:45.000,416.1965871955702,999
2024-09-16 15:09:45.014,416.21776467340817,96
2024-09-16 15:09:45.020,416.1900869457793,98
2024-09-16 15:09:45.020,416.2395289589849,102
2024-09-16 15:09:45.044,416.1951924813458,1002
2024-09-16 15:09:45.082,416.2250530660722,998
2024-09-16 15:09:45.088,416.1994272395063,98
2024-09-16 15:09:45.157,416.1998805106258,11
2024-09-16 15:09:45.197,416.1679820480674,104
2024-09-16 15:09:45.244,416.2315036406196,97
2024-09-16 15:09:45.300,416.2281137734362,14
2024-09-16 15:09:45.334,416.1887474788503,995
2024-09-16 15:09:45.371,416.1738565648038,96
2024-09-16 15:09:45.413,416.2407475048472,1001
2024-09-16 15:09:45.443,416.2368446423485,104
2024-09-16 15:09:45.457,416.2190383448225,998
2024-09-16 15:09:45.464,416.2265371517044,98
2024-09-16 15:09:45.545,416.1970116381631,6
2024-09-16 15:09:45.546,416.2375807426986,100
2024-09-16 15:09:45.590,416.1962592531761,105
2024-09-16 15:09:45.633,416.2449028146612,9
2024-09-16 15:09:45.677,416.1810164282806,98
2024-09-16 15:09:45.782,416.2439982916595,15
2024-09-16 15:09:45.823,416.22584257003655,1000
2024-09-16 15:09:45.890,416.2101089728582,1005
2024-09-16 15:09:45.926,416.2021640465953,95
2024-09-16 15:09:45.964,416.1946554925362,104
2024-09-16 15:09:45.985,416.1865349054068,1002
2024-09-16 15:09:46.052,416.20592026604015,11
2024-09-16 15:09:46.317,416.19344505236313,15
2024-09-16 15:09:46.395,416.25030863503065,104
2024-09-16 15:09:46.420,416.22499736273664,15
2024-09-16 15:09:46.482,416.2053446181772,95
2024-09-16 15:09:46.636,416.2008284536027,7
2024-09-16 15:09:46.723,416.2113083765243,11
2024-09-16 15:09:46.737,416.23625508264286,13
2024-09-16 15:09:46.747,416.1965227075244,15
2024-09-16 15:09:46.790,416.2252076130823,999
2024-09-16 15:09:46.797,416.2080929024768,101
2024-09-16 15:09:46.948,416.2367065741258,11
2024-09-16 15:09:47.206,416.2311982186866,104
2024-09-16 15:09:47.346,416.21905339702175,97
2024-09-16 15:09:47.397,416.2268065366912,101
2024-09-16 15:09:47.498,416.2160035928227,7
2024-09-16 15:09:47.506,419.2627109134239,101
2024-09-16 15:09:47.632,416.23072583308,11
2024-09-16 15:09:47.768,416.220885606076,101
2024-09-16 15:09:47.867,416.2231651724735,10
2024-09-16 15:09:48.044,416.22874391721393,995
2024-09-16 15:09:48.302,416.2184313888472,102
2024-09-16 15:09:48.345,416.24109783602233,998
2024-09-16 15:09:48.395,416.24514568697873,104
2024-09-16 15:09:48.458,416.25097929456615,7
2024-09-16 15:09:48.604,416.2263725153349,998
2024-09-16 15:09:48.672,416.2419445129248,5
2024-09-16 15:09:48.676,416.22734861406894,12
2024-09-16 15:09:48.709,416.2285242348181,105
2024-09-16 15:09:48.748,416.2203354228184,101
2024-09-16 15:09:48.835,416.2591005178819,102
2024-09-16 15:09:48.847,416.23201155550913,8
2024-09-16 15:09:48.908,416.2347450641608,997
2024-09-16 15:09:48.931,416.2378590378863,11
2024-09-16 15:09:49.090,416.2116667776742,1000
2024-09-16 15:09:49.305,416.2097183559915,102
2024-09-16 15:09:49.524,416.22443004809145,6
2024-09-16 15:09:49.535,416.23393872928665,997
2024-09-16 15:09:49.580,416.2319846552907,103
2024-09-16 15:09:49.747,416.2045984978445,11
2024-09-16 15:09:52.121,416.20610679834925,8
2024-09-16 15:09:52.200,416.22625511529776,100
2024-09-16 15:09:52.314,416.200572219954,998
2024-09-16 15:09:52.593,416.2151711141496,10
2024-09-16 15:09:53.128,416.1682071673817,97
2024-09-16 15:09:53.256,416.248666576867,998
2024-09-16 15:09:53.288,416.1865210944056,105
2024-09-16 15:09:53.335,416.2573734490352,11
2024-09-16 15:09:53.367,416.22672346108544,13
2024-09-16 15:09:53.378,416.2064623950998,998
2024-09-16 15:09:53.389,416.1658678321476,103
2024-09-16 15:09:53.402,416.2013702317713,1000
2024-09-16 15:09:53.435,416.1751605696025,14
2024-09-16 15:09:53.447,,10
2024-09-16 15:09:53.476,416.2183148785198,1002
2024-09-16 15:09:53.485,416.1995965905824,1002
2024-09-16 15:09:53.552,416.15764053286415,997
2024-09-16 15:09:53.559,416.1452345285242,102
2024-09-16 15:09:53.605,416.1939524094102,995
2024-09-16 15:09:53.629,416.1886538966859,1000
2024-09-16 15:09:53.661,416.170017961709,996
2024-09-16 15:09:53.711,416.1973536826905,105
2024-09-16 15:09:53.741,416.2004620197941,98
2024-09-16 15:09:53.837,416.1892760982469,8
2024-09-16 15:09:53.883,416.213003434861,102
2024-09-16 15:09:53.888,416.1857230535159,9
2024-09-16 15:09:53.992,416.19052143985823,998
2024-09-16 15:09:54.038,416.2164788917648,10
2024-09-16 15:09:54.039,419.2281080179707,99
2024-09-16 15:09:54.126,416.2559264789555,97
2024-09-16 15:09:54.138,416.24100501056057,8
2024-09-16 15:09:54.192,416.26118380672654,105
2024-09-16 15:09:54.218,416.2599565334537,99
2024-09-16 15:09:54.262,416.2409501763297,15
2024-09-16 15:09:54.782,416.2267750987799,996
2024-09-16 15:09:54.942,416.2354028847024,95
2024-09-16 15:09:55.048,416.2770081725088,98
2024-09-16 15:09:55.234,416.2838911921909,1003
2024-09-16 15:09:55.512,416.2541869431998,97
2024-09-16 15:09:55.569,416.2338004600848,12
2024-09-16 15:09:55.619,416.26765974344113,101
2024-09-16 15:09:55.623,416.2449538582233,5
2024-09-16 15:09:55.707,416.2203289632573,996
2024-09-16 15:09:55.770,416.2540044335361,1000
2024-09-16 15:09:55.820,416.2843842996988,102
2024-09-16 15:09:55.888,416.2250025268785,97
2024-09-16 15:09:55.943,416.23810128984405,6
2024-09-16 15:09:56.068,416.25565777516175,1002
2024-09-16 15:09:56.450,416.2398070864117,10
2024-09-16 15:09:56.553,416.26655348578646,11
2024-09-16 15:09:56.946,416.2696347288889,101
2024-09-16 15:09:56.952,41.62801926943386,99
2024-09-16 15:09:57.103,416.2345971319062,97
2024-09-16 15:09:57.108,416.1767828710438,98
2024-09-16 15:09:57.137,416.1769860872664,995
2024-09-16 15:09:57.205,,1001
2024-09-16 15:09:57.207,416.1346661625289,997
2024-09-16 15:09:57.214,416.1385294872378,103
2024-09-16 15:09:57.224,416.1618773399895,996
2024-09-16 15:09:57.230,416.1458200179822,9
2024-09-16 15:09:57.327,416.1722681015334,105
2024-09-16 15:09:57.382,416.1693988784551,99
2024-09-16 15:09:57.458,416.1311873672121,97
2024-09-16 15:09:57.518,416.218643962684,96
2024-09-16 15:09:57.526,416.2371930466396,1003
2024-09-16 15:09:57.579,416.2436028690132,14
2024-09-16 15:09:57.590,416.2562246643291,96
2024-09-16 15:09:57.750,416.1645783338657,5
2024-09-16 15:09:57.828,416.23159382902,6
2024-09-16 15:09:57.858,416.1712152371421,1002
2024-09-16 15:09:57.869,416.1404681494986,6
2024-09-16 15:09:57.875,416.2576795084895,13
2024-09-16 15:09:57.875,416.1840226853576,102
2024-09-16 15:09:57.930,416.1398589792224,1005
2024-09-16 15:09:57.947,416.1733304688966,11
2024-09-16 15:09:57.964,416.1663266723813,96
2024-09-16 15:09:57.968,416.183028146265,996
2024-09-16 15:09:57.977,416.1698541653341,12
2024-09-16 15:09:57.999,416.2572328377489,999
2024-09-16 15:09:58.040,416.16181372447386,999
2024-09-16 15:09:58.072,416.15863070021385,10
2024-09-16 15:09:58.129,416.1755427466939,997
2024-09-16 15:09:58.170,416.1395955460366,96
2024-09-16 15:09:58.306,416.1634960252136,101
2024-09-16 15:09:58.447,416.14668179026495,7
2024-09-16 15:09:58.539,416.1734187747781,12
2024-09-16 15:09:58.582,416.1658886212084,104
2024-09-16 15:09:58.593,416.17140854589553,99
2024-09-16 15:09:58.809,416.15175129820506,102
2024-09-16 15:09:58.929,416.1499196637441,5
2024-09-16 15:09:58.978,416.1654485700327,95
2024-09-16 15:09:59.057,416.1481614139034,97
2024-09-16 15:09:59.091,416.1430000743186,1004
2024-09-16 15:09:59.208,416.1423606558226,9
2024-09-16 15:09:59.214,416.1231185174999,6
2024-09-16 15:09:59.240,416.15581178054697,96
2024-09-16 15:09:59.248,416.1043388553512,95
2024-09-16 15:09:59.289,416.129207772192,98
2024-09-16 15:09:59.298,416.1027643022568,102
2024-09-16 15:09:59.363,416.1380435574234,12
2024-09-16 15:09:59.392,416.107828459922,96
2024-09-16 15:09:59.425,416.1379934448419,9
2024-09-16 15:09:59.451,416.1238328201525,1004
2024-09-16 15:09:59.471,416.11303576475007,996
2024-09-16 15:09:59.478,416.1503953595818,105
2024-09-16 15:09:59.516,416.1303311388765,1001
2024-09-16 15:09:59.553,416.1145797834607,11
2024-09-16 15:09:59.573,416.1164038687747,1000
2024-09-16 15:09:59.687,416.1200885242753,13
2024-09-16 15:09:59.700,416.11695694770174,12
2024-09-16 15:09:59.704,416.145038479634,13
2024-09-16 15:09:59.705,416.1339929271206,96
2024-09-16 15:09:59.724,416.12085758491406,997
2024-09-16 15:09:59.735,416.1318163678024,1002
2024-09-16 15:09:59.860,416.123789133319,100
2024-09-16 15:09:59.897,416.1084616800758,11
