Timestamp,Price,Size
2024-09-17 11:35:00.228,416.4541215539492,995
2024-09-17 11:35:00.270,416.44940500697504,11
2024-09-17 11:35:00.832,416.44254819891694,1002
2024-09-17 11:35:01.027,416.3772992470821,9
2024-09-17 11:35:01.084,416.420296686864,1001
2024-09-17 11:35:01.168,416.38893939833946,96
2024-09-17 11:35:01.215,416.3906971044812,13
2024-09-17 11:35:01.226,416.3742029994526,102
2024-09-17 11:35:01.436,416.40194902602434,103
2024-09-17 11:35:01.833,416.3706877769121,102
2024-09-17 11:35:01.987,416.4159808951479,995
2024-09-17 11:35:01.994,416.4360796263917,13
2024-09-17 11:35:02.086,416.35980259541714,1005
2024-09-17 11:35:02.094,,13
2024-09-17 11:35:02.140,41.6311953023324,101
2024-09-17 11:35:02.166,416.3292475994068,95
2024-09-17 11:35:02.171,416.3162338338332,100
2024-09-17 11:35:02.197,416.2988999259299,1003
2024-09-17 11:35:02.279,416.353258514823,8
2024-09-17 11:35:02.311,416.3492708692807,95
2024-09-17 11:35:02.332,416.3672016581972,5
2024-09-17 11:35:02.351,416.31451156626775,15
2024-09-17 11:35:02.360,416.3593906074816,1000
2024-09-17 11:35:02.408,416.3231159441338,1002
2024-09-17 11:35:02.525,416.3452023340618,13
2024-09-17 11:35:02.630,416.32618217348056,13
2024-09-17 11:35:02.686,416.33030669957424,997
2024-09-17 11:35:02.689,416.3099664831212,98
2024-09-17 11:35:02.708,416.3478558199117,99
2024-09-17 11:35:02.772,-416.3454982808785,104
2024-09-17 11:35:02.840,416.3245569136353,997
2024-09-17 11:35:02.862,41.63630076797723,1002
2024-09-17 11:35:02.894,416.355338689033,995
2024-09-17 11:35:02.901,416.3351780320386,12
2024-09-17 11:35:02.903,416.350087580746,101
2024-09-17 11:35:02.920,416.3493569996538,96
2024-09-17 11:35:02.947,416.3029830999709,99
2024-09-17 11:35:03.225,416.2980688502303,5
2024-09-17 11:35:03.394,416.302584974852,14
2024-09-17 11:35:04.026,416.2971688280309,1003
2024-09-17 11:35:04.038,416.299087212776,11
2024-09-17 11:35:04.061,416.3475855063447,1000
2024-09-17 11:35:04.141,416.28400623154846,999
2024-09-17 11:35:04.189,416.2783282488679,101
2024-09-17 11:35:04.256,416.3103633916308,15
2024-09-17 11:35:04.281,416.3153912732095,1003
2024-09-17 11:35:04.318,416.29819309917184,12
2024-09-17 11:35:04.535,416.3078443918186,5
2024-09-17 11:35:04.676,416.32594173205297,97
2024-09-17 11:35:04.722,416.31716849405376,104
2024-09-17 11:35:04.736,416.281878034721,1004
2024-09-17 11:35:04.810,416.28820627832425,8
2024-09-17 11:35:04.853,-416.2875719513403,102
2024-09-17 11:35:04.953,416.2984584572564,104
2024-09-17 11:35:04.966,416.2975610751165,98
2024-09-17 11:35:05.084,416.3734620373254,99
2024-09-17 11:35:05.273,416.3777515777348,1001
2024-09-17 11:35:05.314,416.3514226460693,1003
2024-09-17 11:35:05.344,416.352458566799,10
2024-09-17 11:35:05.391,416.3418657753116,8
2024-09-17 11:35:05.485,416.379041904917,95
2024-09-17 11:35:05.663,416.37419206819857,5
2024-09-17 11:35:05.671,416.3668763992992,102
2024-09-17 11:35:06.082,416.3830953612354,13
2024-09-17 11:35:06.129,416.3810732256212,96
2024-09-17 11:35:06.144,416.3419521633912,8
2024-09-17 11:35:06.144,416.3692152451401,97
2024-09-17 11:35:06.159,416.3912948861289,1002
2024-09-17 11:35:06.165,416.3869694626112,102
2024-09-17 11:35:06.277,416.3327512052056,95
2024-09-17 11:35:06.307,416.3922955481141,998
2024-09-17 11:35:06.397,416.4106767199155,997
2024-09-17 11:35:06.415,416.3756928472682,101
2024-09-17 11:35:06.475,416.39047540790045,13
2024-09-17 11:35:06.499,416.3937111725964,95
2024-09-17 11:35:06.541,416.3492538136155,96
2024-09-17 11:35:06.545,416.4005496892317,15
2024-09-17 11:35:06.572,416.4017815354252,10
2024-09-17 11:35:06.597,416.3933388883011,1003
2024-09-17 11:35:06.598,416.3462993168699,1003
2024-09-17 11:35:06.619,416.38276424628754,101
2024-09-17 11:35:06.673,416.398783850048,1002
2024-09-17 11:35:06.729,416.3525167068074,9
2024-09-17 11:35:06.747,416.3963717402228,996
2024-09-17 11:35:06.782,416.3177446065772,1005
2024-09-17 11:35:06.784,416.3265495679361,103
2024-09-17 11:35:06.817,416.3930706162697,11
2024-09-17 11:35:06.847,416.3633249419496,105
2024-09-17 11:35:06.882,416.3979746768619,98
2024-09-17 11:35:06.917,416.3794582460875,101
2024-09-17 11:35:06.985,416.4018744651497,7
2024-09-17 11:35:08.033,416.3104960097333,1003
2024-09-17 11:35:08.047,416.3249133723612,14
2024-09-17 11:35:08.064,416.3169629137154,15
2024-09-17 11:35:08.080,416.3169294958823,999
2024-09-17 11:35:08.132,416.34685931805495,103
2024-09-17 11:35:08.145,416.3118592513966,1000
2024-09-17 11:35:08.179,416.3404907213983,997
2024-09-17 11:35:08.199,416.3254648717127,105
2024-09-17 11:35:08.274,416.3366179146483,98
2024-09-17 11:35:08.290,416.34170501588056,997
2024-09-17 11:35:08.323,416.3264830217036,102
2024-09-17 11:35:08.323,416.30402474589954,995
2024-09-17 11:35:08.325,416.31225373610727,999
2024-09-17 11:35:08.327,416.3500270677958,995
2024-09-17 11:35:08.502,416.2981229125887,101
2024-09-17 11:35:08.555,416.3476232116544,102
2024-09-17 11:35:08.816,416.3329418605913,998
2024-09-17 11:35:09.075,416.3337877987761,99
2024-09-17 11:35:09.142,416.354469900833,1005
2024-09-17 11:35:09.152,416.32202913648655,5
2024-09-17 11:35:09.177,416.3389273409511,14
2024-09-17 11:35:09.356,416.340162355588,995
2024-09-17 11:35:09.684,416.32728189954526,1001
2024-09-17 11:35:09.882,416.334865755412,1001
2024-09-17 11:35:09.935,416.3183096096339,999
2024-09-17 11:35:10.031,416.3254650943416,1005
2024-09-17 11:35:10.058,416.3804621796287,999
2024-09-17 11:35:10.140,416.3316035051748,11
2024-09-17 11:35:10.319,-416.36265072108665,101
2024-09-17 11:35:10.362,416.351632365732,104
2024-09-17 11:35:10.515,416.3624762845528,995
2024-09-17 11:35:10.545,416.3330296586114,5
2024-09-17 11:35:10.589,416.3483167331593,105
2024-09-17 11:35:10.592,416.3714304516001,104
2024-09-17 11:35:10.634,416.36597296047086,1005
2024-09-17 11:35:10.646,416.3571556967912,8
2024-09-17 11:35:10.669,416.325128270036,1005
2024-09-17 11:35:10.697,416.3626486851658,7
2024-09-17 11:35:10.717,416.346104777799,14
2024-09-17 11:35:10.873,416.34953842397385,100
2024-09-17 11:35:10.920,416.3952288079158,105
2024-09-17 11:35:10.923,416.3497791740898,15
2024-09-17 11:35:10.969,416.3540022692322,5
2024-09-17 11:35:10.970,416.31950585710734,9
2024-09-17 11:35:10.989,416.3831546083091,1005
2024-09-17 11:35:11.004,416.3491295926096,1001
2024-09-17 11:35:11.004,416.34831685822246,97
2024-09-17 11:35:11.020,416.37091685771657,1004
2024-09-17 11:35:11.125,416.356445653724,15
2024-09-17 11:35:11.194,416.343689953244,1003
2024-09-17 11:35:11.215,416.345339183176,11
2024-09-17 11:35:11.374,416.3297492666883,5
2024-09-17 11:35:11.429,416.3653330128447,100
2024-09-17 11:35:11.500,416.34902025475793,13
2024-09-17 11:35:11.510,416.34273104649327,1000
2024-09-17 11:35:11.550,416.3675340205404,995
2024-09-17 11:35:11.588,416.3229746442508,1005
2024-09-17 11:35:11.667,416.3158766002279,997
2024-09-17 11:35:11.740,416.34130218777113,95
2024-09-17 11:35:11.757,416.3366472719275,996
2024-09-17 11:35:11.762,416.3542541260334,99
2024-09-17 11:35:11.910,416.3207159194524,1000
2024-09-17 11:35:11.933,416.3540495930935,1005
2024-09-17 11:35:11.975,416.3294162059981,999
2024-09-17 11:35:12.085,416.3884472647068,98
2024-09-17 11:35:12.099,416.4202892226936,95
2024-09-17 11:35:12.122,416.42027950501193,1002
2024-09-17 11:35:12.180,416.382094048672,105
2024-09-17 11:35:12.249,416.38141395402977,7
2024-09-17 11:35:12.289,416.3934975254227,10
2024-09-17 11:35:12.297,416.3759546938805,98
2024-09-17 11:35:12.384,416.37644252847167,1004
2024-09-17 11:35:12.391,416.3621757603332,95
2024-09-17 11:35:12.467,416.3800457270205,998
2024-09-17 11:35:12.472,416.4164773421853,105
2024-09-17 11:35:12.499,416.40893001850577,10
2024-09-17 11:35:12.513,416.4045875580761,100
2024-09-17 11:35:12.553,416.4068874471062,11
2024-09-17 11:35:12.653,416.3604435567519,13
2024-09-17 11:35:12.717,416.3356919783741,14
2024-09-17 11:35:12.718,416.3476414775755,97
2024-09-17 11:35:12.745,416.38926095336967,5
2024-09-17 11:35:12.753,416.41909975978143,101
2024-09-17 11:35:12.807,416.3944472557554,1000
2024-09-17 11:35:12.873,416.4052211730579,1002
2024-09-17 11:35:12.910,416.40054632093006,103
2024-09-17 11:35:12.955,416.38805487302,995
2024-09-17 11:35:12.974,416.3966919925636,96
2024-09-17 11:35:13.124,416.3784817724263,13
2024-09-17 11:35:13.173,416.3638154714353,103
2024-09-17 11:35:13.322,416.3503969264901,7
2024-09-17 11:35:13.356,416.3412586071576,101
2024-09-17 11:35:13.371,416.3608760761852,1005
2024-09-17 11:35:13.526,416.34733317427504,1003
2024-09-17 11:35:13.802,-416.3712729698685,6
2024-09-17 11:35:13.886,416.39400445862,100
2024-09-17 11:35:14.014,416.3602453176391,102
2024-09-17 11:35:15.085,416.3409082779288,102
2024-09-17 11:35:15.087,416.3514997653163,101
2024-09-17 11:35:15.137,416.34086939056056,996
2024-09-17 11:35:15.163,416.32095815602605,996
2024-09-17 11:35:15.178,416.3365835015168,12
2024-09-17 11:35:15.234,416.3237675575743,7
2024-09-17 11:35:15.292,416.359697802372,105
2024-09-17 11:35:15.397,416.33714827011227,95
2024-09-17 11:35:15.413,416.3634835366563,8
2024-09-17 11:35:15.595,416.3392175539264,96
2024-09-17 11:35:15.662,416.32760955334976,102
2024-09-17 11:35:15.854,416.3412707604562,103
2024-09-17 11:35:15.905,416.3226169279251,98
2024-09-17 11:35:15.914,416.31135634457297,102
2024-09-17 11:35:15.924,416.3508043949872,995
2024-09-17 11:35:15.986,416.3348339753596,998
2024-09-17 11:35:15.996,416.3372848624072,996
2024-09-17 11:35:16.044,,1003
2024-09-17 11:35:16.049,416.30845581694666,104
2024-09-17 11:35:16.082,416.3014737708161,1002
2024-09-17 11:35:16.111,416.26283562040953,997
2024-09-17 11:35:16.119,416.2247848267562,1002
2024-09-17 11:35:16.295,416.237042584704,7
2024-09-17 11:35:16.351,416.256342251882,99
2024-09-17 11:35:16.375,416.2854639826841,97
2024-09-17 11:35:16.380,416.2635784444889,98
2024-09-17 11:35:16.392,416.2912228429372,8
2024-09-17 11:35:16.408,416.26224319442,997
2024-09-17 11:35:16.496,416.30203404984,1005
2024-09-17 11:35:16.547,416.29241603961447,12
2024-09-17 11:35:16.648,416.30557788421896,102
2024-09-17 11:35:16.651,416.2658451130799,996
2024-09-17 11:35:16.653,416.2594179914372,102
2024-09-17 11:35:16.665,416.3089782412455,102
2024-09-17 11:35:16.671,416.24616890566335,12
2024-09-17 11:35:16.739,416.2923864028768,13
2024-09-17 11:35:16.771,416.2536011193488,96
2024-09-17 11:35:16.822,416.2677329142738,95
2024-09-17 11:35:16.860,416.2581975179944,100
2024-09-17 11:35:16.891,416.2827321487084,104
2024-09-17 11:35:16.929,416.28877333968353,998
2024-09-17 11:35:16.956,416.2740779332642,13
2024-09-17 11:35:16.961,416.26862633904335,105
2024-09-17 11:35:16.999,416.2667636697509,1001
2024-09-17 11:35:17.102,416.2080269898555,15
2024-09-17 11:35:17.134,416.21238842985633,100
2024-09-17 11:35:17.276,416.1882635244185,11
2024-09-17 11:35:17.378,416.2335448083925,98
2024-09-17 11:35:17.379,416.2294411325105,96
2024-09-17 11:35:17.495,416.1936310326433,98
2024-09-17 11:35:17.521,416.2223618672336,1005
2024-09-17 11:35:17.537,416.2318206007294,1000
2024-09-17 11:35:17.543,416.1912006355652,1003
2024-09-17 11:35:17.566,416.22073277779526,5
2024-09-17 11:35:17.712,416.1960351086527,998
2024-09-17 11:35:17.807,416.21012115281536,10
2024-09-17 11:35:17.856,416.2224110886494,10
2024-09-17 11:35:17.941,416.1906986093624,999
2024-09-17 11:35:17.953,416.23821265119096,1003
2024-09-17 11:35:18.403,416.1946604936579,6
2024-09-17 11:35:18.630,416.1880021749136,996
2024-09-17 11:35:19.031,416.2095826050681,11
2024-09-17 11:35:19.168,416.1087902168977,1003
2024-09-17 11:35:19.244,416.1330285424333,100
2024-09-17 11:35:19.249,416.1113942854896,7
2024-09-17 11:35:19.328,416.12384870251327,95
2024-09-17 11:35:19.359,416.10086190440137,98
2024-09-17 11:35:19.380,416.2053169419038,15
2024-09-17 11:35:19.408,416.1587088011311,6
2024-09-17 11:35:19.453,416.12088094289817,13
2024-09-17 11:35:19.552,416.1583631426888,12
2024-09-17 11:35:19.626,416.1776779977986,10
2024-09-17 11:35:19.638,416.12889503035984,9
2024-09-17 11:35:19.677,416.1002716178629,995
2024-09-17 11:35:19.678,416.1202534883497,102
2024-09-17 11:35:20.051,416.10866268205496,8
2024-09-17 11:35:20.094,416.12703474618667,998
2024-09-17 11:35:20.098,416.146364128553,999
2024-09-17 11:35:20.119,416.176632090665,12
2024-09-17 11:35:20.125,416.1974760349765,1005
2024-09-17 11:35:20.144,416.1559504311719,8
2024-09-17 11:35:20.251,416.1782707329526,13
2024-09-17 11:35:20.260,416.1513085931195,15
2024-09-17 11:35:20.328,416.1633230787801,1002
2024-09-17 11:35:20.375,416.1251918538578,10
2024-09-17 11:35:20.403,416.1996768741496,9
2024-09-17 11:35:20.500,416.1397505897749,995
2024-09-17 11:35:20.691,416.1839169677007,103
2024-09-17 11:35:20.741,416.12326844693183,100
2024-09-17 11:35:20.743,416.1048390486071,995
2024-09-17 11:35:20.833,416.1277135714853,100
2024-09-17 11:35:20.848,416.12867660342033,102
2024-09-17 11:35:20.883,416.1358533958437,96
2024-09-17 11:35:20.892,416.1672544945804,95
2024-09-17 11:35:20.998,416.2066997832097,11
2024-09-17 11:35:21.030,416.2230651143488,997
2024-09-17 11:35:21.056,416.201166840156,12
2024-09-17 11:35:21.173,416.1794321954784,14
2024-09-17 11:35:21.262,416.254005868851,11
2024-09-17 11:35:21.287,416.2935036315155,14
2024-09-17 11:35:21.312,416.2665872617823,100
2024-09-17 11:35:21.410,416.22157176135886,6
2024-09-17 11:35:21.444,416.2148969218658,12
2024-09-17 11:35:21.462,416.2679414875106,999
2024-09-17 11:35:21.548,416.2933064589561,15
2024-09-17 11:35:21.798,416.2347614473762,7
2024-09-17 11:35:21.904,416.2529439305313,15
2024-09-17 11:35:22.108,416.2768915899762,7
2024-09-17 11:35:22.166,416.2837856258154,97
2024-09-17 11:35:23.056,416.3067432747891,100
2024-09-17 11:35:23.408,416.287960755458,103
2024-09-17 11:35:23.541,416.2690986125396,96
2024-09-17 11:35:23.585,41.625413995932014,103
2024-09-17 11:35:23.634,416.2709168621708,1001
2024-09-17 11:35:23.789,416.28697068325954,9
2024-09-17 11:35:23.833,416.260045150783,9
2024-09-17 11:35:23.866,416.2824334437153,10
2024-09-17 11:35:23.900,416.2797467876139,98
2024-09-17 11:35:24.029,416.1946660849642,102
2024-09-17 11:35:24.034,416.2682169836254,9
2024-09-17 11:35:24.046,416.1777101454543,11
2024-09-17 11:35:24.057,416.2308415852698,101
2024-09-17 11:35:24.080,416.1961624714402,1002
2024-09-17 11:35:24.120,416.2050556740373,1004
2024-09-17 11:35:24.265,416.2786633832542,999
2024-09-17 11:35:24.363,416.19460280569217,1005
2024-09-17 11:35:24.411,416.1815134827137,99
2024-09-17 11:35:24.431,416.2183711174762,102
2024-09-17 11:35:24.505,416.2005257760071,996
2024-09-17 11:35:24.515,416.24261744787526,105
2024-09-17 11:35:24.524,416.2530449666383,95
2024-09-17 11:35:24.528,416.1999179675636,1000
2024-09-17 11:35:24.547,416.20054177568346,104
2024-09-17 11:35:24.617,416.1964812777808,995
2024-09-17 11:35:24.744,416.2433061756484,14
2024-09-17 11:35:24.758,416.2108103158095,995
2024-09-17 11:35:24.762,416.2470565102117,1001
2024-09-17 11:35:24.875,416.2185433380779,999
2024-09-17 11:35:24.989,416.21585116060754,12
2024-09-17 11:35:25.025,416.2020018886441,10
2024-09-17 11:35:25.040,416.1666091244299,9
2024-09-17 11:35:25.071,416.1754345075232,9
2024-09-17 11:35:25.073,416.1619402948224,96
2024-09-17 11:35:25.218,416.18605566890193,5
2024-09-17 11:35:25.285,416.16732872483215,995
2024-09-17 11:35:25.339,416.1990534466086,6
2024-09-17 11:35:25.500,416.1585687758675,104
2024-09-17 11:35:25.509,416.1751081364283,13
2024-09-17 11:35:25.536,416.1775087232106,12
2024-09-17 11:35:25.595,416.1727514675215,7
2024-09-17 11:35:25.711,416.1904731227868,100
2024-09-17 11:35:25.712,416.2092667105609,9
2024-09-17 11:35:25.764,416.1825991904728,101
2024-09-17 11:35:25.885,416.1741957117702,102
2024-09-17 11:35:25.985,416.1820809554447,1001
2024-09-17 11:35:25.987,416.1681619287651,7
2024-09-17 11:35:26.061,416.231082230393,9
2024-09-17 11:35:26.210,416.2165974244709,1002
2024-09-17 11:35:26.633,416.2255624603648,1004
2024-09-17 11:35:26.731,416.203273384984,100
2024-09-17 11:35:26.767,416.2285314639988,100
2024-09-17 11:35:27.239,416.22710697108056,13
2024-09-17 11:35:27.312,416.2352651190265,1003
2024-09-17 11:35:27.640,416.2153289307125,5
2024-09-17 11:35:27.830,416.2154971012248,105
2024-09-17 11:35:27.977,416.2089309635824,8
2024-09-17 11:35:28.014,416.2262788966374,103
2024-09-17 11:35:28.025,416.20595584483567,996
2024-09-17 11:35:28.058,416.21922082848647,101
2024-09-17 11:35:28.080,416.20136169231904,1004
2024-09-17 11:35:28.228,416.1966020143337,9
2024-09-17 11:35:28.233,416.2098294807855,99
2024-09-17 11:35:28.473,41.61871077413208,96
2024-09-17 11:35:28.630,416.2017458058839,10
2024-09-17 11:35:28.654,416.1828727443048,96
2024-09-17 11:35:28.673,416.18717099161097,97
2024-09-17 11:35:28.690,416.2059457900016,96
2024-09-17 11:35:28.724,416.1817217841679,102
2024-09-17 11:35:28.732,416.2135577170309,98
2024-09-17 11:35:28.759,416.1829421297418,6
2024-09-17 11:35:28.782,416.200498480765,96
2024-09-17 11:35:28.866,416.2118795300669,98
2024-09-17 11:35:28.868,416.20421813269655,96
2024-09-17 11:35:29.175,416.2022907399593,14
2024-09-17 11:35:29.253,416.2216035284038,5
2024-09-17 11:35:29.750,416.2039514573287,12
2024-09-17 11:35:29.889,416.1980444548704,995
2024-09-17 11:35:29.955,416.2263718863721,105
2024-09-17 11:35:30.076,416.213048788852,1005
2024-09-17 11:35:30.101,416.2041526568824,11
2024-09-17 11:35:30.131,416.2180030951136,103
2024-09-17 11:35:30.200,416.2268399275565,1005
2024-09-17 11:35:30.779,416.194443696847,996
2024-09-17 11:35:31.100,416.1854336080099,12
2024-09-17 11:35:31.114,416.20436906983286,103
2024-09-17 11:35:31.137,416.1744597935232,105
2024-09-17 11:35:31.143,416.1921028998533,1002
2024-09-17 11:35:31.165,416.217334022308,6
2024-09-17 11:35:31.246,416.2104640065455,98
2024-09-17 11:35:31.272,416.1530435264514,1004
2024-09-17 11:35:31.279,,12
2024-09-17 11:35:31.403,416.19871602708577,98
2024-09-17 11:35:31.505,416.163179576924,996
2024-09-17 11:35:31.507,416.1626732467784,12
2024-09-17 11:35:31.566,416.19040821412,10
2024-09-17 11:35:31.601,416.1726236916731,1005
2024-09-17 11:35:31.675,416.1886919175057,996
2024-09-17 11:35:31.735,416.1569384648005,9
2024-09-17 11:35:31.741,416.1626295436648,6
2024-09-17 11:35:31.768,416.1674775485221,15
2024-09-17 11:35:31.841,416.2069091260127,6
2024-09-17 11:35:31.865,416.1808680578943,95
2024-09-17 11:35:31.913,416.1623768110328,102
2024-09-17 11:35:31.986,416.1601874883239,996
2024-09-17 11:35:32.147,416.11795809438576,6
2024-09-17 11:35:32.154,416.1012574698477,100
2024-09-17 11:35:32.161,416.1165986132599,11
2024-09-17 11:35:32.195,416.1192756492111,1000
2024-09-17 11:35:32.243,416.10706400901375,12
2024-09-17 11:35:32.346,416.0621507570884,103
2024-09-17 11:35:32.365,416.1376365995252,999
2024-09-17 11:35:32.389,416.1056512474438,1002
2024-09-17 11:35:32.465,416.0946637242424,13
2024-09-17 11:35:32.485,416.07885151762366,1003
2024-09-17 11:35:32.500,416.0987451288659,5
2024-09-17 11:35:32.534,416.0542560041399,11
2024-09-17 11:35:32.586,416.1288678288718,100
2024-09-17 11:35:32.600,416.1096966653008,997
2024-09-17 11:35:32.656,416.0466353025256,998
2024-09-17 11:35:32.692,416.1122644631255,5
2024-09-17 11:35:32.714,416.11616636723727,1004
2024-09-17 11:35:32.717,416.10497436038736,15
2024-09-17 11:35:32.789,416.1010652576222,995
2024-09-17 11:35:32.821,416.1119096210012,99
2024-09-17 11:35:32.823,416.1097776534408,1003
2024-09-17 11:35:32.833,416.11157796258783,6
2024-09-17 11:35:32.894,416.1134716259581,998
2024-09-17 11:35:32.955,416.0539372463974,15
2024-09-17 11:35:32.983,416.117407837385,1005
2024-09-17 11:35:32.985,416.0974506080095,997
2024-09-17 11:35:33.001,416.1272495643639,997
2024-09-17 11:35:33.026,416.11383386447136,996
2024-09-17 11:35:33.028,416.1133282830028,1000
2024-09-17 11:35:33.041,416.1239959543241,95
2024-09-17 11:35:33.127,,103
2024-09-17 11:35:33.346,416.07545865675314,12
2024-09-17 11:35:33.523,416.1133507170204,96
2024-09-17 11:35:33.603,416.126640174409,11
2024-09-17 11:35:33.621,416.0784331727837,102
2024-09-17 11:35:33.657,416.1126706228936,10
2024-09-17 11:35:33.823,416.0489322231384,997
2024-09-17 11:35:33.875,416.1254114802166,100
2024-09-17 11:35:34.025,416.1236131737983,998
2024-09-17 11:35:34.078,416.15611885752855,101
2024-09-17 11:35:34.095,416.1501217823699,97
2024-09-17 11:35:34.163,416.1417309869065,97
2024-09-17 11:35:34.335,416.1293240961901,95
2024-09-17 11:35:34.389,416.12250226685694,1000
2024-09-17 11:35:34.655,416.1452655754454,996
2024-09-17 11:35:34.692,,96
2024-09-17 11:35:34.772,416.14212710980087,996
2024-09-17 11:35:34.794,416.1475341562505,14
2024-09-17 11:35:34.853,416.1384362365209,998
2024-09-17 11:35:34.863,416.1461841000849,99
2024-09-17 11:35:34.912,416.1304677456744,1005
2024-09-17 11:35:35.225,416.1843478470089,997
2024-09-17 11:35:35.230,416.2128407786637,8
2024-09-17 11:35:35.352,416.2254855077992,98
2024-09-17 11:35:35.405,416.2287150652285,1001
2024-09-17 11:35:35.427,416.2512256787585,998
2024-09-17 11:35:35.442,416.18931161742,103
2024-09-17 11:35:35.454,416.2322740717093,15
2024-09-17 11:35:35.475,416.2057831336728,98
2024-09-17 11:35:35.487,416.2528869839549,99
2024-09-17 11:35:35.619,416.2521806710426,6
2024-09-17 11:35:35.662,416.1780431472533,5
2024-09-17 11:35:35.666,416.19880045240296,13
2024-09-17 11:35:35.713,416.2374989907362,14
2024-09-17 11:35:35.725,416.2107889743346,1003
2024-09-17 11:35:35.744,416.2560528871888,7
2024-09-17 11:35:35.782,416.1766843857235,7
2024-09-17 11:35:35.794,416.2161973656212,100
2024-09-17 11:35:35.843,416.1665675251329,14
2024-09-17 11:35:35.863,416.2368405660136,102
2024-09-17 11:35:35.867,416.2348390175737,997
2024-09-17 11:35:36.255,416.22305987080347,998
2024-09-17 11:35:36.386,416.23028587979263,12
2024-09-17 11:35:36.523,416.2173678520618,9
2024-09-17 11:35:36.823,416.2163673181764,9
2024-09-17 11:35:36.894,416.2454880583632,9
2024-09-17 11:35:36.988,416.2488343829753,9
2024-09-17 11:35:37.144,416.24475980753857,5
2024-09-17 11:35:37.177,416.2143548734294,1003
2024-09-17 11:35:37.187,416.19907282093,996
2024-09-17 11:35:37.190,416.2283700703191,101
2024-09-17 11:35:37.204,416.2476730350061,10
2024-09-17 11:35:37.353,416.210348630008,13
2024-09-17 11:35:37.461,416.235496089306,97
2024-09-17 11:35:37.804,416.2149302951432,7
2024-09-17 11:35:37.813,416.2102419451499,995
2024-09-17 11:35:37.843,416.1899483262714,97
2024-09-17 11:35:37.875,416.21947693734,1003
2024-09-17 11:35:38.057,416.1326213533475,96
2024-09-17 11:35:38.087,416.1669960262293,98
2024-09-17 11:35:38.113,416.15989307677785,98
2024-09-17 11:35:38.203,416.1638749716156,95
2024-09-17 11:35:38.256,416.1865738655847,103
2024-09-17 11:35:38.315,416.15194945969125,100
2024-09-17 11:35:38.581,416.1274465451042,15
2024-09-17 11:35:38.716,416.178715452612,1005
2024-09-17 11:35:38.861,416.1237683156485,12
2024-09-17 11:35:38.866,416.1540730553223,101
2024-09-17 11:35:38.872,416.12476949853885,96
2024-09-17 11:35:38.972,416.1441118563882,8
2024-09-17 11:35:38.973,416.1106425378488,1003
2024-09-17 11:35:38.996,416.14404024223626,1003
2024-09-17 11:35:39.014,-416.10330803861046,102
2024-09-17 11:35:39.249,416.1332923393366,97
2024-09-17 11:35:39.356,416.1125725025179,8
2024-09-17 11:35:39.478,416.1143980968208,105
2024-09-17 11:35:39.556,-416.1089573750359,1002
2024-09-17 11:35:39.564,,95
2024-09-17 11:35:39.568,416.10403333721626,9
2024-09-17 11:35:39.581,416.1037051823048,6
2024-09-17 11:35:39.700,416.1258902261399,10
2024-09-17 11:35:39.767,416.1111680754822,10
2024-09-17 11:35:39.799,416.1156337821527,999
2024-09-17 11:35:40.102,416.1212735199194,8
2024-09-17 11:35:40.236,416.1072784252813,1005
2024-09-17 11:35:40.334,416.1319202267123,996
2024-09-17 11:35:40.364,416.11440958830735,100
2024-09-17 11:35:40.371,416.0937198991417,95
2024-09-17 11:35:40.382,416.131567676516,102
2024-09-17 11:35:40.459,416.1222455937543,13
2024-09-17 11:35:40.473,416.1239788211125,1005
2024-09-17 11:35:40.498,416.1120694288574,14
2024-09-17 11:35:40.521,416.12314355053456,99
2024-09-17 11:35:40.529,416.1284503929045,105
2024-09-17 11:35:40.580,416.1272118796159,999
2024-09-17 11:35:40.610,416.1364889023922,12
2024-09-17 11:35:40.617,416.1163211114758,1005
2024-09-17 11:35:40.666,416.1130386906587,997
2024-09-17 11:35:40.729,416.118865404226,12
2024-09-17 11:35:40.786,416.12884989299255,997
2024-09-17 11:35:40.808,416.1182897455364,1000
2024-09-17 11:35:40.889,416.1048844012125,103
2024-09-17 11:35:40.960,416.1216116611122,1002
2024-09-17 11:35:41.041,416.1031292221732,101
2024-09-17 11:35:41.045,416.0729259537745,999
2024-09-17 11:35:41.111,416.07773577935393,96
2024-09-17 11:35:41.147,416.1065545510841,995
2024-09-17 11:35:41.172,416.0926801138611,12
2024-09-17 11:35:41.173,416.1017125105163,5
2024-09-17 11:35:41.248,416.0834615809732,99
2024-09-17 11:35:41.280,416.10839481421147,8
2024-09-17 11:35:41.297,416.09475936715177,95
2024-09-17 11:35:41.335,416.1028918318405,102
2024-09-17 11:35:41.358,416.0859186183892,5
2024-09-17 11:35:41.418,416.0843176979714,99
2024-09-17 11:35:41.478,416.0943436177048,1004
2024-09-17 11:35:41.548,416.0864990177543,8
2024-09-17 11:35:41.564,416.08138672352527,5
2024-09-17 11:35:41.616,416.1024503187719,9
2024-09-17 11:35:41.665,416.0812337021565,15
2024-09-17 11:35:41.701,416.0976664105898,1004
2024-09-17 11:35:41.707,416.0965372307553,13
2024-09-17 11:35:41.714,416.11584134517096,995
2024-09-17 11:35:41.716,416.0878356765883,99
2024-09-17 11:35:41.777,416.0906975952103,1003
2024-09-17 11:35:41.801,416.0972388605857,1001
2024-09-17 11:35:41.820,416.0995672882748,1000
2024-09-17 11:35:41.831,416.1272490123048,97
2024-09-17 11:35:43.019,416.0680285917336,995
2024-09-17 11:35:43.050,416.04597633236216,104
2024-09-17 11:35:43.059,416.06338260741626,97
2024-09-17 11:35:43.066,416.04197906734345,996
2024-09-17 11:35:43.101,416.0529738024153,104
2024-09-17 11:35:43.118,416.0590146584129,5
2024-09-17 11:35:43.125,,105
2024-09-17 11:35:43.151,416.0473093698934,998
2024-09-17 11:35:43.171,416.0470521700991,99
2024-09-17 11:35:43.205,416.05738894560665,105
2024-09-17 11:35:43.332,416.02117326023387,15
2024-09-17 11:35:43.359,416.0520084795542,1001
2024-09-17 11:35:43.407,416.0553863344733,8
2024-09-17 11:35:43.532,416.03652337221314,101
2024-09-17 11:35:43.584,416.0517343575601,95
2024-09-17 11:35:43.595,416.0326322851513,12
2024-09-17 11:35:43.693,416.057390108297,995
2024-09-17 11:35:43.719,416.0552546980163,10
2024-09-17 11:35:43.755,416.0575876857955,1003
2024-09-17 11:35:43.771,416.0618966271874,998
2024-09-17 11:35:43.805,416.052665936499,9
2024-09-17 11:35:43.847,416.0614272867688,97
2024-09-17 11:35:43.917,416.0705365073342,101
2024-09-17 11:35:43.920,416.0579737883949,997
2024-09-17 11:35:43.975,416.0662937973193,1001
2024-09-17 11:35:44.090,416.0061633323925,96
2024-09-17 11:35:44.144,416.0053145341441,103
2024-09-17 11:35:44.167,416.0298801349672,100
2024-09-17 11:35:44.174,416.0604344020856,12
2024-09-17 11:35:44.193,416.00859901792313,6
2024-09-17 11:35:44.214,416.0276622628672,100
2024-09-17 11:35:44.260,416.0345795682467,999
2024-09-17 11:35:44.285,415.9433317958112,6
2024-09-17 11:35:44.315,415.95907751910784,10
2024-09-17 11:35:44.336,416.0053299450528,5
2024-09-17 11:35:44.346,416.0158864332981,95
2024-09-17 11:35:44.353,416.02999137562347,98
2024-09-17 11:35:44.409,415.98350788506025,96
2024-09-17 11:35:44.445,416.04496758401285,999
2024-09-17 11:35:44.466,416.0160458210201,1004
2024-09-17 11:35:44.511,416.0320220674496,105
2024-09-17 11:35:44.634,416.0398690500172,999
2024-09-17 11:35:44.650,416.0039672633834,6
2024-09-17 11:35:44.736,416.0182664074111,99
2024-09-17 11:35:44.752,416.0089766182092,1000
2024-09-17 11:35:44.863,416.0353127227143,103
2024-09-17 11:35:44.934,416.0609048866031,997
2024-09-17 11:35:44.980,416.01724607777385,105
2024-09-17 11:35:45.424,415.95243948652455,100
2024-09-17 11:35:45.682,415.9491348200682,6
2024-09-17 11:35:46.159,416.0300554217516,998
2024-09-17 11:35:46.194,416.0215941418476,1000
2024-09-17 11:35:46.305,416.0068236213424,105
2024-09-17 11:35:46.306,415.9718867788828,996
2024-09-17 11:35:46.336,415.99410769478175,96
2024-09-17 11:35:46.367,415.9895056323566,99
2024-09-17 11:35:46.378,416.03008741184567,96
2024-09-17 11:35:46.512,416.0167079066805,9
2024-09-17 11:35:46.562,415.9988854167114,1002
2024-09-17 11:35:46.672,416.0274022742831,8
2024-09-17 11:35:46.753,415.9952410021307,8
2024-09-17 11:35:46.758,416.02071513826286,6
2024-09-17 11:35:46.818,415.99642065042497,6
2024-09-17 11:35:46.829,415.9928023804166,5
2024-09-17 11:35:46.914,415.9855958115511,997
2024-09-17 11:35:46.923,415.998694815446,105
2024-09-17 11:35:46.977,416.018651763056,10
2024-09-17 11:35:47.066,415.97778103369967,996
2024-09-17 11:35:47.122,415.9335859641915,99
2024-09-17 11:35:47.132,415.9482267749798,100
2024-09-17 11:35:47.188,415.9963117075871,97
2024-09-17 11:35:47.287,415.9401238784562,6
2024-09-17 11:35:47.354,415.9558482566187,7
2024-09-17 11:35:47.377,415.982057033968,7
2024-09-17 11:35:47.424,416.015727450169,1004
2024-09-17 11:35:47.507,415.97081973871445,102
2024-09-17 11:35:47.524,415.95065570091487,8
2024-09-17 11:35:47.550,415.9783188763368,9
2024-09-17 11:35:47.556,,997
2024-09-17 11:35:47.576,415.98052986297085,1001
2024-09-17 11:35:47.690,415.972033509008,95
2024-09-17 11:35:47.726,415.9426635591921,5
2024-09-17 11:35:47.731,415.9387571800279,105
2024-09-17 11:35:47.807,415.97620709204944,97
2024-09-17 11:35:47.820,415.9771751836452,98
2024-09-17 11:35:47.824,415.9933959661335,100
2024-09-17 11:35:47.835,415.9686623881814,1003
2024-09-17 11:35:47.869,415.98708404273634,102
2024-09-17 11:35:47.883,415.9849011685701,102
2024-09-17 11:35:47.914,415.9756564877577,1002
2024-09-17 11:35:47.961,415.9573740978859,95
2024-09-17 11:35:47.997,415.9904218782892,99
2024-09-17 11:35:48.011,415.8919660214225,997
2024-09-17 11:35:48.094,415.93025247229167,1000
2024-09-17 11:35:48.102,415.9075574183165,995
2024-09-17 11:35:48.106,415.9325843591938,999
2024-09-17 11:35:48.205,415.9320631413097,999
2024-09-17 11:35:48.270,415.891100445631,1002
2024-09-17 11:35:48.271,415.9233137696361,15
2024-09-17 11:35:48.296,415.9208892559087,1005
2024-09-17 11:35:48.305,415.9061769730415,102
2024-09-17 11:35:48.308,415.928046603426,1002
2024-09-17 11:35:48.315,415.9569924731144,95
2024-09-17 11:35:48.320,415.9197064417008,995
2024-09-17 11:35:48.343,415.9515187169513,14
2024-09-17 11:35:48.363,415.93547918351584,995
2024-09-17 11:35:48.469,415.9380286637596,15
2024-09-17 11:35:48.650,415.9336825583582,7
2024-09-17 11:35:48.653,415.9257967582264,11
2024-09-17 11:35:48.735,415.9171808560403,14
2024-09-17 11:35:48.789,415.92791733051337,104
2024-09-17 11:35:48.905,415.96012697724416,12
2024-09-17 11:35:49.066,415.9399577849204,1002
2024-09-17 11:35:49.259,415.9195652187689,105
2024-09-17 11:35:49.413,415.9309236405604,7
2024-09-17 11:35:49.637,415.938239802182,1001
2024-09-17 11:35:49.715,415.9418604361793,104
2024-09-17 11:35:49.723,415.9466347553868,995
2024-09-17 11:35:49.729,415.924216363256,104
2024-09-17 11:35:50.128,415.9062861049512,1005
2024-09-17 11:35:51.256,415.9022235854891,101
2024-09-17 11:35:51.280,415.90493043493495,999
2024-09-17 11:35:51.577,415.8906667251435,1004
2024-09-17 11:35:52.022,415.88885437234825,105
2024-09-17 11:35:52.086,415.8963979673925,9
2024-09-17 11:35:52.089,415.91425087118455,11
2024-09-17 11:35:52.241,415.92812324994526,1005
2024-09-17 11:35:52.322,415.9284560076567,995
2024-09-17 11:35:52.338,415.9194929776018,9
2024-09-17 11:35:52.477,41.59156541409514,102
2024-09-17 11:35:52.516,415.9404225729674,5
2024-09-17 11:35:52.564,415.9124203280314,1004
2024-09-17 11:35:52.815,415.9262723287541,101
2024-09-17 11:35:52.896,415.90520802846834,101
2024-09-17 11:35:52.928,415.8970769086542,99
2024-09-17 11:35:52.939,415.87823262770166,9
2024-09-17 11:35:52.960,415.8773711822318,1000
2024-09-17 11:35:52.975,415.9020904209301,5
2024-09-17 11:35:52.985,415.8843672165906,1002
2024-09-17 11:35:52.998,415.8947253184617,14
2024-09-17 11:35:53.110,415.85924065844034,96
2024-09-17 11:35:53.181,415.8632495241304,1005
2024-09-17 11:35:53.203,415.9252621881799,995
2024-09-17 11:35:53.206,415.9160132429621,100
2024-09-17 11:35:53.252,415.8600106295233,15
2024-09-17 11:35:53.259,415.8532074648224,101
2024-09-17 11:35:53.306,415.9267230528673,999
2024-09-17 11:35:53.314,415.8453005229759,6
2024-09-17 11:35:53.424,415.8896049263799,105
2024-09-17 11:35:53.463,415.83821366773685,1001
2024-09-17 11:35:53.580,415.8549740454205,11
2024-09-17 11:35:53.611,415.84901873992607,998
2024-09-17 11:35:53.613,415.8796278812872,100
2024-09-17 11:35:53.620,415.8433334523808,1005
2024-09-17 11:35:53.685,415.8715460240788,14
2024-09-17 11:35:53.728,415.8714099025218,104
2024-09-17 11:35:53.744,415.84894818367496,9
2024-09-17 11:35:53.795,415.870606589934,9
2024-09-17 11:35:53.808,415.92293230119486,996
2024-09-17 11:35:53.828,415.9050779401922,7
2024-09-17 11:35:53.929,415.8703754449435,6
2024-09-17 11:35:53.934,415.93363318603065,9
2024-09-17 11:35:53.941,415.87186421638313,95
2024-09-17 11:35:53.976,415.9239575790611,999
2024-09-17 11:35:53.976,415.8758013419206,996
2024-09-17 11:35:53.978,415.8651059713456,996
2024-09-17 11:35:53.988,415.8637299712189,95
2024-09-17 11:35:54.094,415.8208026435704,103
2024-09-17 11:35:54.156,415.8385437821272,997
2024-09-17 11:35:54.183,415.8306820918555,95
2024-09-17 11:35:54.187,415.7967672276376,1000
2024-09-17 11:35:54.207,415.8199944670473,97
2024-09-17 11:35:54.208,415.798088967725,8
2024-09-17 11:35:54.237,415.8244481532661,999
2024-09-17 11:35:54.251,415.8101335400759,100
2024-09-17 11:35:54.385,415.84966872640206,5
2024-09-17 11:35:54.400,415.8339854085604,15
2024-09-17 11:35:54.404,415.8331787422522,999
2024-09-17 11:35:54.442,415.84019399690783,6
2024-09-17 11:35:54.519,415.8545026503855,102
2024-09-17 11:35:54.521,415.82684106697945,996
2024-09-17 11:35:54.522,415.8364656902469,99
2024-09-17 11:35:54.531,415.8408611454735,100
2024-09-17 11:35:54.531,415.8592790969839,9
2024-09-17 11:35:54.565,415.8454318710361,13
2024-09-17 11:35:54.604,415.8632082129651,96
2024-09-17 11:35:54.667,415.8637340593913,95
2024-09-17 11:35:54.677,415.8473415854627,997
2024-09-17 11:35:54.747,415.84084597000816,13
2024-09-17 11:35:54.751,415.8745136920474,98
2024-09-17 11:35:54.771,415.80348040138176,13
2024-09-17 11:35:54.888,415.835974955704,95
2024-09-17 11:35:55.000,415.8386512328533,6
2024-09-17 11:35:55.027,415.822850056441,102
2024-09-17 11:35:55.036,415.83383255411854,6
2024-09-17 11:35:55.088,415.8576253956692,99
2024-09-17 11:35:55.109,415.8436482146414,15
2024-09-17 11:35:55.121,415.8403960967472,5
2024-09-17 11:35:55.121,415.8358947032139,103
2024-09-17 11:35:55.204,415.8519226757588,15
2024-09-17 11:35:55.317,415.8665970102543,999
2024-09-17 11:35:55.335,415.8565507390201,9
2024-09-17 11:35:55.397,415.83766068135134,8
2024-09-17 11:35:55.452,415.8245388054294,96
2024-09-17 11:35:55.489,415.82891673879743,15
2024-09-17 11:35:55.491,-415.8384828804378,15
2024-09-17 11:35:55.515,415.8605091869488,1002
2024-09-17 11:35:55.544,415.8356073421813,96
2024-09-17 11:35:55.551,415.8454686857086,12
2024-09-17 11:35:55.577,415.8421790056125,996
2024-09-17 11:35:55.589,415.8062292453433,103
2024-09-17 11:35:55.682,415.8377597501404,5
2024-09-17 11:35:55.736,415.83040639183696,1003
2024-09-17 11:35:55.905,415.8494614456185,1005
2024-09-17 11:35:55.930,415.8219615442768,100
2024-09-17 11:35:55.981,415.8614409485282,14
2024-09-17 11:35:56.093,415.769514405745,14
2024-09-17 11:35:56.147,415.811539450497,999
2024-09-17 11:35:56.149,415.8327994114492,100
2024-09-17 11:35:56.156,415.7280039329691,8
2024-09-17 11:35:56.206,415.7384826238935,99
2024-09-17 11:35:56.208,415.7237728526901,8
2024-09-17 11:35:56.330,415.7748178998425,1004
2024-09-17 11:35:56.393,415.77416589277175,8
2024-09-17 11:35:56.397,415.8480240158893,1001
2024-09-17 11:35:56.422,415.78838882633136,97
2024-09-17 11:35:56.453,415.75034586084456,995
2024-09-17 11:35:56.488,415.7488042653971,995
2024-09-17 11:35:56.512,415.8527456953086,9
2024-09-17 11:35:56.520,415.8359706172969,15
2024-09-17 11:35:56.588,415.75346181722495,1000
2024-09-17 11:35:56.635,415.8306605725376,1002
2024-09-17 11:35:56.654,415.8618381677712,105
2024-09-17 11:35:56.778,415.7854730298024,10
2024-09-17 11:35:56.801,415.75731043920274,1000
2024-09-17 11:35:56.811,415.7794449576429,997
2024-09-17 11:35:56.818,415.7857991337573,999
2024-09-17 11:35:56.824,415.7680329374724,1004
2024-09-17 11:35:56.885,415.7870875555471,13
2024-09-17 11:35:56.930,415.77992618196856,1001
2024-09-17 11:35:56.962,415.72578329020126,104
2024-09-17 11:35:57.072,415.7559546546146,995
2024-09-17 11:35:57.164,415.7668405386993,97
2024-09-17 11:35:57.241,415.7610375187997,96
2024-09-17 11:35:57.251,415.73641939977625,97
2024-09-17 11:35:57.282,415.7719947502893,101
2024-09-17 11:35:57.444,,5
2024-09-17 11:35:57.554,415.7625496391152,12
2024-09-17 11:35:57.717,415.7300764392382,14
2024-09-17 11:35:57.732,415.7490758078216,1000
2024-09-17 11:35:57.742,415.7458284940915,7
2024-09-17 11:35:57.785,415.7803687176472,5
2024-09-17 11:35:57.950,415.7416389844574,1002
2024-09-17 11:35:58.083,415.7518894790293,14
2024-09-17 11:35:58.165,415.7479572579674,15
2024-09-17 11:35:58.307,415.7377977926955,11
2024-09-17 11:35:58.307,415.77451112073504,1003
2024-09-17 11:35:58.400,415.7463033174357,1005
2024-09-17 11:35:58.556,415.7431541656993,1005
2024-09-17 11:35:58.595,415.7414031746424,10
2024-09-17 11:35:58.623,415.7643027598258,104
2024-09-17 11:35:58.659,,8
2024-09-17 11:35:58.704,415.7384984510281,98
2024-09-17 11:35:58.723,415.7543592031413,103
2024-09-17 11:35:58.753,415.7457387750336,102
2024-09-17 11:35:58.763,415.7379316345155,99
2024-09-17 11:35:59.470,415.7549091006699,1002
