Timestamp,Price,Size
2024-09-16 14:46:00.047,416.1353587094949,997
2024-09-16 14:46:00.147,416.1322208291618,14
2024-09-16 14:46:00.157,416.1255354731457,11
2024-09-16 14:46:00.175,416.1377187780356,100
2024-09-16 14:46:00.284,416.1568505097016,103
2024-09-16 14:46:00.322,416.1359234764782,1005
2024-09-16 14:46:00.343,416.1236184649004,13
2024-09-16 14:46:00.432,416.1546928245026,96
2024-09-16 14:46:00.506,416.12530641194815,1003
2024-09-16 14:46:00.511,416.1564203643109,6
2024-09-16 14:46:00.527,416.1255500634773,996
2024-09-16 14:46:00.530,416.1401758712081,13
2024-09-16 14:46:00.590,416.1369372465264,995
2024-09-16 14:46:00.591,416.1494246273149,1001
2024-09-16 14:46:00.608,416.1589184602465,7
2024-09-16 14:46:00.612,416.1254584346206,998
2024-09-16 14:46:00.637,416.1256012564352,999
2024-09-16 14:46:00.675,416.1508692190136,8
2024-09-16 14:46:00.676,416.16145287765767,9
2024-09-16 14:46:00.706,416.14029617706166,98
2024-09-16 14:46:00.711,416.14077197854135,12
2024-09-16 14:46:00.793,416.1168893457469,6
2024-09-16 14:46:00.803,416.1408334465632,12
2024-09-16 14:46:00.852,416.1445954508337,14
2024-09-16 14:46:00.892,416.1111031412439,14
2024-09-16 14:46:00.980,416.1258776368393,10
2024-09-16 14:46:00.981,416.1212591281529,9
2024-09-16 14:46:01.053,-416.114659280858,96
2024-09-16 14:46:01.123,416.2124700054258,1004
2024-09-16 14:46:01.137,416.1824332662927,10
2024-09-16 14:46:01.138,416.1319217765947,95
2024-09-16 14:46:01.149,416.174393002984,97
2024-09-16 14:46:01.162,416.1211940125922,1005
2024-09-16 14:46:01.280,416.1773601682015,5
2024-09-16 14:46:01.379,416.1586651934636,95
2024-09-16 14:46:01.473,416.11845465146826,7
2024-09-16 14:46:01.515,416.1164997322634,98
2024-09-16 14:46:01.532,416.1605516565106,99
2024-09-16 14:46:01.534,416.1657223610811,11
2024-09-16 14:46:01.570,416.1766656983066,13
2024-09-16 14:46:01.576,416.1976009474532,1000
2024-09-16 14:46:01.621,416.2242831783471,14
2024-09-16 14:46:01.674,416.15009412926383,1002
2024-09-16 14:46:01.678,416.18156715240286,999
2024-09-16 14:46:01.750,416.0996785466983,1002
2024-09-16 14:46:01.848,416.2290166603176,102
2024-09-16 14:46:01.854,416.1456685169348,1002
2024-09-16 14:46:01.888,416.10943784759695,105
2024-09-16 14:46:01.897,416.12848610550367,96
2024-09-16 14:46:01.916,416.20922238479386,1003
2024-09-16 14:46:01.969,416.1292061931046,99
2024-09-16 14:46:01.992,416.1781309414858,95
2024-09-16 14:46:01.999,416.22559197725,103
2024-09-16 14:46:02.185,416.2128913234289,1004
2024-09-16 14:46:02.317,416.2144970091911,13
2024-09-16 14:46:02.443,41.62179577155095,97
2024-09-16 14:46:03.004,416.2234339579085,105
2024-09-16 14:46:03.136,416.1349031222696,1005
2024-09-16 14:46:03.149,416.1193184666784,996
2024-09-16 14:46:03.220,416.238449801579,15
2024-09-16 14:46:03.357,416.24532329088,7
2024-09-16 14:46:03.366,416.1478908169672,1002
2024-09-16 14:46:03.386,416.2299124766037,10
2024-09-16 14:46:03.391,416.1211448484268,1002
2024-09-16 14:46:03.430,416.1077368185972,104
2024-09-16 14:46:03.522,416.20014751388175,8
2024-09-16 14:46:03.662,416.1782806647447,100
2024-09-16 14:46:03.747,416.13536307368025,9
2024-09-16 14:46:03.909,416.1468388023961,995
2024-09-16 14:46:03.910,416.1375973111922,1001
2024-09-16 14:46:03.929,,95
2024-09-16 14:46:03.977,416.1267717088271,1002
2024-09-16 14:46:04.054,416.1450651710954,95
2024-09-16 14:46:04.280,416.1417460268302,10
2024-09-16 14:46:04.682,416.1539724397621,1003
2024-09-16 14:46:04.838,416.1457267844319,9
2024-09-16 14:46:05.007,416.146777703965,8
2024-09-16 14:46:05.085,416.1326363004664,12
2024-09-16 14:46:05.275,416.1196079787338,999
2024-09-16 14:46:05.379,416.1541937133736,96
2024-09-16 14:46:05.482,416.11845740482687,1000
2024-09-16 14:46:05.537,416.1024426696696,998
2024-09-16 14:46:05.620,416.14541233238026,98
2024-09-16 14:46:05.648,416.15965594861086,8
2024-09-16 14:46:05.839,416.1569662752058,14
2024-09-16 14:46:05.893,416.13247056695366,996
2024-09-16 14:46:05.940,416.11657716701006,13
2024-09-16 14:46:06.132,416.0936510527696,104
2024-09-16 14:46:06.549,416.1065468878296,98
2024-09-16 14:46:06.585,416.1232013133458,998
2024-09-16 14:46:06.766,416.1215675397745,12
2024-09-16 14:46:06.823,416.0978009008891,5
2024-09-16 14:46:06.825,416.0942525156055,1001
2024-09-16 14:46:06.972,416.1087649485151,104
2024-09-16 14:46:06.985,416.098012588778,99
2024-09-16 14:46:07.021,416.0770689755208,997
2024-09-16 14:46:07.031,416.08592589888536,997
2024-09-16 14:46:07.121,416.14210403267646,97
2024-09-16 14:46:07.123,416.08711601851326,12
2024-09-16 14:46:07.186,416.0912380724287,1004
2024-09-16 14:46:07.202,416.094946377809,996
2024-09-16 14:46:07.210,416.10489711263386,10
2024-09-16 14:46:07.226,416.13106865915626,1002
2024-09-16 14:46:07.241,416.11878281679066,997
2024-09-16 14:46:07.243,416.0783339595184,97
2024-09-16 14:46:07.322,416.13941933144656,13
2024-09-16 14:46:07.364,416.12096694787886,999
2024-09-16 14:46:07.369,416.1076606729802,9
2024-09-16 14:46:07.386,416.0809405165142,1000
2024-09-16 14:46:07.499,416.1025659574193,12
2024-09-16 14:46:07.647,416.10835205685663,6
2024-09-16 14:46:07.753,416.1308487594286,102
2024-09-16 14:46:07.775,416.0952955094104,96
2024-09-16 14:46:07.807,416.1404555651513,7
2024-09-16 14:46:07.835,416.08677545204006,8
2024-09-16 14:46:07.862,416.0814144203239,999
2024-09-16 14:46:07.865,416.09391580704,11
2024-09-16 14:46:07.946,416.0918865704524,11
2024-09-16 14:46:07.970,416.1431646559378,6
2024-09-16 14:46:08.053,416.1070317657646,15
2024-09-16 14:46:08.089,416.0803602850152,96
2024-09-16 14:46:08.095,416.0971676426636,1004
2024-09-16 14:46:08.119,416.0826553936227,103
2024-09-16 14:46:08.162,416.0905360031629,997
2024-09-16 14:46:08.387,416.0918780166226,103
2024-09-16 14:46:08.405,416.1106686383865,6
2024-09-16 14:46:08.486,416.1205859662073,6
2024-09-16 14:46:08.523,416.10932385585056,97
2024-09-16 14:46:08.553,416.0835236823423,95
2024-09-16 14:46:08.618,416.11717120101946,6
2024-09-16 14:46:08.785,416.0984121662431,12
2024-09-16 14:46:08.795,416.0919999131673,12
2024-09-16 14:46:08.862,416.1219634905317,6
2024-09-16 14:46:08.876,416.0898683631865,999
2024-09-16 14:46:08.893,416.07995970707816,1001
2024-09-16 14:46:08.895,416.1180473949129,7
2024-09-16 14:46:08.922,416.0720590342459,6
2024-09-16 14:46:08.998,416.0986998259454,95
2024-09-16 14:46:09.146,416.1385964099262,996
2024-09-16 14:46:09.170,416.1512458304576,995
2024-09-16 14:46:09.214,416.1655267028454,1001
2024-09-16 14:46:09.214,416.13613020035416,996
2024-09-16 14:46:09.221,416.1443625005869,95
2024-09-16 14:46:09.261,416.1545553944545,13
2024-09-16 14:46:09.306,416.1537634047983,10
2024-09-16 14:46:09.581,416.1332246468734,10
2024-09-16 14:46:09.630,416.1456619659691,1002
2024-09-16 14:46:09.771,416.1457547154304,13
2024-09-16 14:46:09.950,416.1575470980314,100
2024-09-16 14:46:09.983,416.1356021396829,100
2024-09-16 14:46:10.039,416.0815108005379,102
2024-09-16 14:46:10.165,416.1809183558119,6
2024-09-16 14:46:10.172,416.1351255013674,14
2024-09-16 14:46:10.361,416.0461647922736,995
2024-09-16 14:46:10.381,416.1589023979124,96
2024-09-16 14:46:10.404,416.1357080909459,104
2024-09-16 14:46:10.422,416.146214478546,6
2024-09-16 14:46:10.423,416.1710607026456,15
2024-09-16 14:46:10.438,-416.0957775127046,1004
2024-09-16 14:46:10.445,416.1340072604653,104
2024-09-16 14:46:10.451,416.0570036257584,97
2024-09-16 14:46:10.474,416.1205269716252,995
2024-09-16 14:46:10.475,416.0599978534674,999
2024-09-16 14:46:10.556,416.12511442301513,7
2024-09-16 14:46:10.670,416.1560729199697,10
2024-09-16 14:46:10.671,416.14401050942695,11
2024-09-16 14:46:10.742,416.0613472960553,7
2024-09-16 14:46:10.782,416.1366293976089,1002
2024-09-16 14:46:10.796,416.1507155566337,104
2024-09-16 14:46:10.796,416.15363998572417,998
2024-09-16 14:46:10.804,416.0578677867784,1002
2024-09-16 14:46:10.930,416.08859256020367,1003
2024-09-16 14:46:10.948,416.0588752435565,15
2024-09-16 14:46:11.060,416.0390333465797,12
2024-09-16 14:46:11.093,416.0706792504176,1005
2024-09-16 14:46:11.093,416.0524832834766,9
2024-09-16 14:46:11.094,416.08399427603047,98
2024-09-16 14:46:11.095,416.07374540884337,999
2024-09-16 14:46:11.100,416.0581991335092,999
2024-09-16 14:46:11.101,416.06845294866406,5
2024-09-16 14:46:11.104,416.0401996063673,1002
2024-09-16 14:46:11.110,416.08697168718464,1004
2024-09-16 14:46:11.144,416.0859827673501,11
2024-09-16 14:46:11.167,416.0454995861559,99
2024-09-16 14:46:11.282,416.0478979408073,7
2024-09-16 14:46:11.370,416.0307477925406,99
2024-09-16 14:46:11.449,416.0450451633776,100
2024-09-16 14:46:11.535,416.0763497692144,13
2024-09-16 14:46:11.601,416.0638058111319,15
2024-09-16 14:46:11.615,416.05137440289656,105
2024-09-16 14:46:11.645,416.07085058536376,100
2024-09-16 14:46:11.703,416.0532005012647,101
2024-09-16 14:46:11.704,416.03243993138216,11
2024-09-16 14:46:11.762,416.0768626018744,6
2024-09-16 14:46:11.889,416.0707684560441,6
2024-09-16 14:46:11.921,416.0513377426453,8
2024-09-16 14:46:11.922,416.0524286496152,96
2024-09-16 14:46:11.930,416.07347253920375,102
2024-09-16 14:46:11.945,416.03970204443686,100
2024-09-16 14:46:11.961,416.0671145415462,998
2024-09-16 14:46:12.032,416.139745668038,96
2024-09-16 14:46:12.086,416.1131641165151,1005
2024-09-16 14:46:12.093,416.08636578797103,15
2024-09-16 14:46:12.136,416.0523603512725,1000
2024-09-16 14:46:12.232,416.069044622604,7
2024-09-16 14:46:12.303,416.0358770263079,97
2024-09-16 14:46:12.341,416.0550485599795,1000
2024-09-16 14:46:12.353,416.0443075358172,997
2024-09-16 14:46:12.399,416.0514878765033,6
2024-09-16 14:46:12.485,416.1022904072248,1002
2024-09-16 14:46:12.557,416.0366193230085,999
2024-09-16 14:46:12.584,416.0923178519317,998
2024-09-16 14:46:12.616,416.0536772194506,1002
2024-09-16 14:46:12.837,416.04587134427777,13
2024-09-16 14:46:12.875,416.0910852077324,6
2024-09-16 14:46:12.910,416.1334208523269,96
2024-09-16 14:46:12.954,416.0476897756388,5
2024-09-16 14:46:13.021,416.2056815662489,1003
2024-09-16 14:46:13.107,416.1313979694253,1003
2024-09-16 14:46:13.151,416.2275780472301,102
2024-09-16 14:46:13.212,416.1857875677223,96
2024-09-16 14:46:13.231,416.1555144698003,1002
2024-09-16 14:46:13.243,416.1683223601867,5
2024-09-16 14:46:13.442,416.15353860076175,100
2024-09-16 14:46:13.556,416.2204585045816,95
2024-09-16 14:46:13.603,416.1258060270098,1002
2024-09-16 14:46:13.622,416.1618199924687,96
2024-09-16 14:46:13.657,416.2032845294691,98
2024-09-16 14:46:13.668,416.1262467155572,98
2024-09-16 14:46:13.718,416.2202789895911,97
2024-09-16 14:46:13.780,416.125110143269,97
2024-09-16 14:46:13.794,416.1797344123032,1004
2024-09-16 14:46:13.853,416.170904368623,13
2024-09-16 14:46:13.889,416.1502803699056,103
2024-09-16 14:46:13.940,416.199810510512,15
2024-09-16 14:46:13.984,416.181772754163,1004
2024-09-16 14:46:14.125,416.22271084569616,100
2024-09-16 14:46:14.140,416.22693430788894,99
2024-09-16 14:46:14.277,416.2487690735786,95
2024-09-16 14:46:14.317,416.2317301092297,96
2024-09-16 14:46:14.602,416.2347044609616,1005
2024-09-16 14:46:14.645,416.227812644364,995
2024-09-16 14:46:14.768,416.2338675320082,6
2024-09-16 14:46:14.944,416.23826203003017,12
2024-09-16 14:46:15.009,416.249906614717,9
2024-09-16 14:46:15.187,416.2392802061928,1002
2024-09-16 14:46:15.272,416.2479651533108,996
2024-09-16 14:46:16.010,416.3008179681449,1002
2024-09-16 14:46:16.012,416.2764615487794,999
2024-09-16 14:46:16.076,416.2634181976336,996
2024-09-16 14:46:16.113,416.24941164375736,11
2024-09-16 14:46:16.177,416.2622727610501,96
2024-09-16 14:46:16.182,416.232980905398,100
2024-09-16 14:46:16.200,416.2832573778376,101
2024-09-16 14:46:16.202,416.263964885139,995
2024-09-16 14:46:16.246,416.240243872735,102
2024-09-16 14:46:16.291,416.2817034810073,14
2024-09-16 14:46:16.338,416.2728374104077,12
2024-09-16 14:46:16.344,416.2444702797957,996
2024-09-16 14:46:16.445,416.2315207316012,13
2024-09-16 14:46:16.484,416.253589671344,11
2024-09-16 14:46:16.631,416.2445318092091,96
2024-09-16 14:46:16.661,416.2653320161973,8
2024-09-16 14:46:16.666,416.2866461662578,104
2024-09-16 14:46:16.779,416.263792351388,97
2024-09-16 14:46:16.783,416.2607664696412,999
2024-09-16 14:46:16.900,416.2614480722809,99
2024-09-16 14:46:17.010,416.2799148884205,998
2024-09-16 14:46:17.074,416.2213123673354,6
2024-09-16 14:46:17.085,416.2390980040546,101
2024-09-16 14:46:17.132,416.2563671221788,95
2024-09-16 14:46:17.137,416.2927403725177,996
2024-09-16 14:46:17.145,416.2183026002588,11
2024-09-16 14:46:17.254,416.2534713402159,1003
2024-09-16 14:46:17.291,416.2848537047393,98
2024-09-16 14:46:17.343,416.277216682423,1005
2024-09-16 14:46:17.359,416.2651832741756,102
2024-09-16 14:46:17.362,416.24924847877367,6
2024-09-16 14:46:17.368,416.292984745913,998
2024-09-16 14:46:17.410,416.26226114868894,10
2024-09-16 14:46:17.412,416.2474570092076,5
2024-09-16 14:46:17.445,416.2506725077682,13
2024-09-16 14:46:17.577,416.2586942172296,15
2024-09-16 14:46:17.588,416.2786933817729,1004
2024-09-16 14:46:17.667,416.28071203253705,7
2024-09-16 14:46:17.700,416.2581190547824,997
2024-09-16 14:46:17.734,416.2537145874514,99
2024-09-16 14:46:17.749,416.2864695898113,995
2024-09-16 14:46:17.759,416.2476497940585,95
2024-09-16 14:46:17.774,416.2715493779036,1002
2024-09-16 14:46:17.802,416.26553951831903,103
2024-09-16 14:46:17.828,416.2228108445472,105
2024-09-16 14:46:17.955,,10
2024-09-16 14:46:18.092,416.2425749796202,9
2024-09-16 14:46:18.132,416.20088554306574,7
2024-09-16 14:46:18.285,416.2199499326461,13
2024-09-16 14:46:18.351,416.2182662543346,95
2024-09-16 14:46:18.625,416.2101028365473,14
2024-09-16 14:46:18.743,416.2177670363827,996
2024-09-16 14:46:18.920,416.200786952935,8
2024-09-16 14:46:20.040,416.2913627198799,11
2024-09-16 14:46:20.248,416.29305629212223,1003
2024-09-16 14:46:20.316,416.29860226340753,1002
2024-09-16 14:46:20.406,416.242490336322,100
2024-09-16 14:46:20.426,416.25841617842025,103
2024-09-16 14:46:20.596,416.2237689686344,8
2024-09-16 14:46:20.600,416.2806720469979,1003
2024-09-16 14:46:20.618,416.23629448713626,14
2024-09-16 14:46:20.766,416.3054785811887,1005
2024-09-16 14:46:20.769,416.2993642299487,7
2024-09-16 14:46:20.786,416.2455627893914,100
2024-09-16 14:46:20.837,416.2362050370247,99
2024-09-16 14:46:20.901,416.24431426805313,1000
2024-09-16 14:46:20.909,-416.2935291311367,10
2024-09-16 14:46:20.926,416.2377691128922,98
2024-09-16 14:46:20.943,416.2341953740962,996
2024-09-16 14:46:21.026,416.26457000397806,998
2024-09-16 14:46:21.045,416.2894598204886,13
2024-09-16 14:46:21.090,416.287641278806,11
2024-09-16 14:46:21.111,416.2981134942697,999
2024-09-16 14:46:21.209,416.2939266969098,1002
2024-09-16 14:46:21.271,416.2708557863784,997
2024-09-16 14:46:21.288,416.2822415976567,10
2024-09-16 14:46:21.300,416.2746236524756,11
2024-09-16 14:46:21.331,416.2791656340662,101
2024-09-16 14:46:21.443,416.2767086214333,101
2024-09-16 14:46:21.484,416.2754697732648,105
2024-09-16 14:46:21.510,416.2877549004396,103
2024-09-16 14:46:21.589,-416.3025223454901,6
2024-09-16 14:46:21.604,416.2960176076052,998
2024-09-16 14:46:21.612,416.27089288241376,1005
2024-09-16 14:46:21.654,416.2675019535773,99
2024-09-16 14:46:21.692,416.29707905249904,103
2024-09-16 14:46:21.693,416.2764204562435,999
2024-09-16 14:46:21.742,416.2924495189652,5
2024-09-16 14:46:21.748,416.2808478042151,100
2024-09-16 14:46:21.803,416.2784306735092,105
2024-09-16 14:46:21.895,416.3115601933343,995
2024-09-16 14:46:21.925,416.2709698991675,1003
2024-09-16 14:46:22.129,416.2893942932114,1001
2024-09-16 14:46:22.330,416.2720929630814,11
2024-09-16 14:46:22.332,416.27909281745656,98
2024-09-16 14:46:22.561,416.2983063429741,101
2024-09-16 14:46:22.727,416.2876828225264,999
2024-09-16 14:46:22.762,416.277138992857,14
2024-09-16 14:46:22.866,416.2791561551599,1004
2024-09-16 14:46:22.944,416.2851646591465,995
2024-09-16 14:46:23.023,416.25334491277727,98
2024-09-16 14:46:23.038,416.27444835765823,104
2024-09-16 14:46:23.115,416.29507519581097,105
2024-09-16 14:46:23.152,416.2638457880882,10
2024-09-16 14:46:23.194,416.3227218496853,12
2024-09-16 14:46:23.211,416.3285779127606,97
2024-09-16 14:46:23.212,416.2617969139933,15
2024-09-16 14:46:23.229,416.26393946972746,5
2024-09-16 14:46:23.393,416.3371200688093,997
2024-09-16 14:46:23.483,416.255601814658,95
2024-09-16 14:46:23.505,416.30372951090135,13
2024-09-16 14:46:23.507,-416.2822240214797,9
2024-09-16 14:46:23.513,416.3237764746528,101
2024-09-16 14:46:23.544,416.2947589599545,6
2024-09-16 14:46:23.552,416.28794731543735,7
2024-09-16 14:46:23.713,416.299052823841,99
2024-09-16 14:46:23.716,416.3147775724545,14
2024-09-16 14:46:23.793,416.31489888845255,1003
2024-09-16 14:46:23.912,416.2779015533856,1004
2024-09-16 14:46:24.138,416.2967129495031,996
2024-09-16 14:46:24.168,416.2746910081071,996
2024-09-16 14:46:24.231,416.3015431409654,98
2024-09-16 14:46:24.274,416.2881649804322,95
2024-09-16 14:46:24.319,416.2923233710719,101
2024-09-16 14:46:24.408,416.306459764029,9
2024-09-16 14:46:24.445,416.2776028236185,100
2024-09-16 14:46:24.460,416.2702811055656,13
2024-09-16 14:46:24.588,416.2819863714252,999
2024-09-16 14:46:24.698,416.2668004837576,96
2024-09-16 14:46:24.713,416.2794638306192,103
2024-09-16 14:46:24.814,416.2737390473116,103
2024-09-16 14:46:25.060,416.28596014500863,97
2024-09-16 14:46:26.281,416.3154971280214,1001
2024-09-16 14:46:26.321,416.3010660815007,996
2024-09-16 14:46:26.405,416.2977626593466,1002
2024-09-16 14:46:26.456,416.297005038902,5
2024-09-16 14:46:26.516,416.33867715587,995
2024-09-16 14:46:26.536,416.3226507964698,1001
2024-09-16 14:46:26.705,416.287973668308,101
2024-09-16 14:46:26.774,416.27072521336106,1004
2024-09-16 14:46:26.783,416.35267338918334,104
2024-09-16 14:46:26.809,416.31493729552574,11
2024-09-16 14:46:26.975,416.3319057342358,9
2024-09-16 14:46:27.072,416.2956767290241,7
2024-09-16 14:46:27.144,416.3074252827562,104
2024-09-16 14:46:27.441,416.3068435768857,103
2024-09-16 14:46:27.453,416.2880908931542,1000
2024-09-16 14:46:27.565,416.2863538052972,7
2024-09-16 14:46:27.963,416.2873413824358,6
2024-09-16 14:46:27.970,-416.29222172735217,1002
2024-09-16 14:46:28.014,-416.2783436458431,6
2024-09-16 14:46:28.024,416.27732569969766,12
2024-09-16 14:46:28.060,416.2504757530232,98
2024-09-16 14:46:28.098,416.1556611915523,9
2024-09-16 14:46:28.105,416.1880152075523,1001
2024-09-16 14:46:28.133,416.2956631835801,9
2024-09-16 14:46:28.136,416.28827521870033,1002
2024-09-16 14:46:28.278,416.2005190306074,100
2024-09-16 14:46:28.282,416.1762582816813,996
2024-09-16 14:46:28.356,416.1429830998839,12
2024-09-16 14:46:28.377,416.14772068550633,105
2024-09-16 14:46:28.383,416.25057101452006,12
2024-09-16 14:46:28.413,416.307812082773,9
2024-09-16 14:46:28.415,416.2649864729909,96
2024-09-16 14:46:28.451,41.62906218333556,1001
2024-09-16 14:46:28.465,416.24063259272594,96
2024-09-16 14:46:28.466,416.2849763338958,1003
2024-09-16 14:46:28.471,416.1582102107799,97
2024-09-16 14:46:28.487,416.17888198188615,105
2024-09-16 14:46:28.559,416.2692861369898,999
2024-09-16 14:46:28.578,416.1247468436351,97
2024-09-16 14:46:28.629,416.17451817020896,100
2024-09-16 14:46:28.707,416.28293492335325,102
2024-09-16 14:46:28.740,416.21636349018223,101
2024-09-16 14:46:28.802,416.28133498532793,1004
2024-09-16 14:46:28.887,416.276929501353,1005
2024-09-16 14:46:28.904,416.1675293320494,998
2024-09-16 14:46:28.926,416.2137494200665,995
2024-09-16 14:46:28.992,416.24105249782497,101
2024-09-16 14:46:29.125,416.17182992595474,102
2024-09-16 14:46:29.199,416.1749625926205,97
2024-09-16 14:46:29.203,416.1658205355509,12
2024-09-16 14:46:29.268,416.1697314897468,1001
2024-09-16 14:46:29.282,416.1718914696565,1003
2024-09-16 14:46:29.311,419.56187167176,11
2024-09-16 14:46:29.371,416.19271884144496,95
2024-09-16 14:46:29.387,416.1632927251367,10
2024-09-16 14:46:29.387,416.1796995254666,1003
2024-09-16 14:46:29.469,416.15885084624193,95
2024-09-16 14:46:29.573,416.1902409738607,100
2024-09-16 14:46:29.726,416.1641105566816,98
2024-09-16 14:46:29.734,416.19454845414447,13
2024-09-16 14:46:29.736,416.1489045353672,996
2024-09-16 14:46:29.802,416.1821667398757,9
2024-09-16 14:46:29.807,416.1579266955791,13
2024-09-16 14:46:29.854,416.1765349226977,14
2024-09-16 14:46:29.943,416.1874798417369,1002
2024-09-16 14:46:29.978,41.61647691485833,98
2024-09-16 14:46:29.993,416.1718544815765,95
2024-09-16 14:46:30.043,416.18375775431326,95
2024-09-16 14:46:30.175,416.1847852550994,104
2024-09-16 14:46:30.175,416.1797821625928,98
2024-09-16 14:46:30.219,416.16760207246045,100
2024-09-16 14:46:30.292,419.568989903888,995
2024-09-16 14:46:30.858,416.1881611506583,1005
2024-09-16 14:46:31.060,416.2259994442029,11
2024-09-16 14:46:31.071,41.61946908604472,5
2024-09-16 14:46:31.087,416.1887273167392,96
2024-09-16 14:46:31.119,416.2127830474322,1000
2024-09-16 14:46:31.122,416.2108311814456,1001
2024-09-16 14:46:31.195,416.22370886761263,998
2024-09-16 14:46:31.307,416.195928006669,6
2024-09-16 14:46:31.384,416.1938268966896,1005
2024-09-16 14:46:31.434,416.21262436704734,99
2024-09-16 14:46:31.460,416.20626870344887,998
2024-09-16 14:46:31.484,416.1941201164727,996
2024-09-16 14:46:31.493,416.2011327873727,7
2024-09-16 14:46:31.506,416.2033919376668,997
2024-09-16 14:46:31.531,416.2150990934836,97
2024-09-16 14:46:31.564,416.21461413255423,10
2024-09-16 14:46:31.567,416.1954565139238,7
2024-09-16 14:46:31.633,416.2036402198077,996
2024-09-16 14:46:31.737,416.1992345701043,96
2024-09-16 14:46:31.752,416.2123132593196,997
2024-09-16 14:46:31.755,416.209662335285,103
2024-09-16 14:46:31.758,416.2162682624724,1000
2024-09-16 14:46:31.839,416.216856464856,1004
2024-09-16 14:46:31.847,416.2063347724155,103
2024-09-16 14:46:31.903,416.205855158603,98
2024-09-16 14:46:31.935,416.1971210006127,9
2024-09-16 14:46:31.935,416.2064856671741,96
2024-09-16 14:46:31.975,416.2209620663356,1000
2024-09-16 14:46:33.035,416.16865250163374,98
2024-09-16 14:46:33.239,416.20838225398575,104
2024-09-16 14:46:33.253,416.16724931764014,1000
2024-09-16 14:46:33.268,416.1936958240648,100
2024-09-16 14:46:33.364,416.1555613783239,104
2024-09-16 14:46:33.409,416.1962825709526,995
2024-09-16 14:46:33.432,416.19301097087134,96
2024-09-16 14:46:33.443,416.2117759331626,100
2024-09-16 14:46:33.487,416.1388054262825,996
2024-09-16 14:46:33.494,416.1752724424947,97
2024-09-16 14:46:33.580,416.1955111647453,997
2024-09-16 14:46:33.584,416.2136500562538,996
2024-09-16 14:46:33.595,416.2076051784154,101
2024-09-16 14:46:33.624,416.19032487567705,1005
2024-09-16 14:46:33.704,416.1756765460126,103
2024-09-16 14:46:33.765,416.1422371384932,101
2024-09-16 14:46:33.778,416.1607993818354,996
2024-09-16 14:46:33.796,416.1749473559292,103
2024-09-16 14:46:33.831,416.1561793236559,996
2024-09-16 14:46:33.838,416.1697114201914,103
2024-09-16 14:46:33.846,416.20701505871466,95
2024-09-16 14:46:33.856,416.1546811860223,99
2024-09-16 14:46:33.858,416.1962775790972,11
2024-09-16 14:46:33.859,416.1894780109188,101
2024-09-16 14:46:33.954,416.20571133134456,1005
2024-09-16 14:46:33.963,416.1524913202186,999
2024-09-16 14:46:33.982,416.19420701448826,14
2024-09-16 14:46:34.032,416.2039027414163,95
2024-09-16 14:46:34.094,416.2027675239297,101
2024-09-16 14:46:34.200,416.2005514500775,100
2024-09-16 14:46:34.272,416.195624250281,105
2024-09-16 14:46:34.280,416.1351783988961,13
2024-09-16 14:46:34.304,416.1954231889188,1002
2024-09-16 14:46:34.326,416.2228704787986,8
2024-09-16 14:46:34.358,416.1777575282263,12
2024-09-16 14:46:34.480,416.1390870397052,100
2024-09-16 14:46:34.542,416.2234611868792,9
2024-09-16 14:46:34.559,416.1853275128676,11
2024-09-16 14:46:34.630,416.2193312775804,1002
2024-09-16 14:46:34.634,416.1431740223879,12
2024-09-16 14:46:34.735,416.2042726481808,1004
2024-09-16 14:46:34.748,416.2222277936576,15
2024-09-16 14:46:34.761,416.1932271744932,14
2024-09-16 14:46:34.762,416.20923152498176,6
2024-09-16 14:46:34.770,416.150721646081,1005
2024-09-16 14:46:34.786,416.1983619868621,14
2024-09-16 14:46:34.818,416.2208593921529,98
2024-09-16 14:46:34.830,416.18619232532126,1003
2024-09-16 14:46:34.897,416.1503954302752,12
2024-09-16 14:46:34.930,416.16910505464574,15
2024-09-16 14:46:34.985,416.17724334803296,997
2024-09-16 14:46:35.090,416.19826542887216,104
2024-09-16 14:46:35.486,416.1781229641082,96
2024-09-16 14:46:35.865,416.1843282742301,102
2024-09-16 14:46:35.866,41.61701942135685,1003
2024-09-16 14:46:36.085,416.1422767639716,98
2024-09-16 14:46:36.098,416.20298590724633,13
2024-09-16 14:46:36.139,416.1951157546661,12
2024-09-16 14:46:36.172,416.19982878561433,102
2024-09-16 14:46:36.192,416.25381467541854,1002
2024-09-16 14:46:36.207,416.2133337748427,10
2024-09-16 14:46:36.232,416.23632937700233,95
2024-09-16 14:46:36.237,416.20471678009824,1004
2024-09-16 14:46:36.258,416.22150894883305,97
2024-09-16 14:46:36.327,416.2101636134216,1002
2024-09-16 14:46:36.340,416.2464808945675,1003
2024-09-16 14:46:36.446,416.2278957758442,1005
2024-09-16 14:46:36.488,416.21272813741285,15
2024-09-16 14:46:36.489,416.21587481379913,102
2024-09-16 14:46:36.501,416.25004625765337,100
2024-09-16 14:46:36.508,416.2096366022129,1003
2024-09-16 14:46:36.520,416.2388113943854,1003
2024-09-16 14:46:36.521,416.1787388844063,12
2024-09-16 14:46:36.550,416.2491506313563,7
2024-09-16 14:46:36.551,416.1935977701365,5
2024-09-16 14:46:36.556,416.2044335288508,998
2024-09-16 14:46:36.618,416.17956188558463,98
2024-09-16 14:46:36.669,416.2115766967622,13
2024-09-16 14:46:36.711,416.2623879544958,1000
2024-09-16 14:46:36.881,416.1555044211611,99
2024-09-16 14:46:36.903,416.23859195268216,95
2024-09-16 14:46:36.908,416.1798376914422,104
2024-09-16 14:46:36.976,416.2111405487794,9
2024-09-16 14:46:36.980,416.2140582790347,997
2024-09-16 14:46:37.269,416.1858093117589,10
2024-09-16 14:46:37.799,416.1788401632956,1002
2024-09-16 14:46:38.725,416.1470745595675,1000
2024-09-16 14:46:38.885,416.1350870505144,104
2024-09-16 14:46:38.957,416.1422008098559,8
2024-09-16 14:46:39.284,419.45357087396127,1004
2024-09-16 14:46:40.084,416.08692442039705,5
2024-09-16 14:46:40.088,416.1050162412264,95
2024-09-16 14:46:40.093,416.0999181437751,10
2024-09-16 14:46:40.145,-416.084660090706,1004
2024-09-16 14:46:40.183,416.0788550665936,13
2024-09-16 14:46:40.261,416.0730141538652,97
2024-09-16 14:46:40.343,416.0970516483169,9
2024-09-16 14:46:40.394,416.0816187590336,103
2024-09-16 14:46:40.406,416.0740622737204,103
2024-09-16 14:46:40.455,416.1053814056114,96
2024-09-16 14:46:40.722,416.1152590511866,1002
2024-09-16 14:46:40.932,416.10462265998456,996
2024-09-16 14:46:40.970,416.0887454305065,1002
2024-09-16 14:46:41.094,416.1194603402959,999
2024-09-16 14:46:41.116,416.1211835646607,105
2024-09-16 14:46:41.245,416.1032649896213,7
2024-09-16 14:46:41.526,416.11617882254274,99
2024-09-16 14:46:41.539,416.1181351364739,98
2024-09-16 14:46:41.695,416.105649216418,103
2024-09-16 14:46:41.830,416.1191457623555,15
2024-09-16 14:46:41.848,416.0908207293641,97
2024-09-16 14:46:42.020,416.15015649310544,14
2024-09-16 14:46:42.029,416.1059501090979,1004
2024-09-16 14:46:42.034,416.1034816695526,998
2024-09-16 14:46:42.102,416.10009738866495,1005
2024-09-16 14:46:42.144,416.1085871621455,1005
2024-09-16 14:46:42.163,416.1026522262764,8
2024-09-16 14:46:42.198,416.1496149943811,1000
2024-09-16 14:46:42.207,416.0895741632493,99
2024-09-16 14:46:42.210,416.115737198784,1004
2024-09-16 14:46:42.234,416.0799390775881,6
2024-09-16 14:46:42.265,416.0899880178262,98
2024-09-16 14:46:42.271,416.1439567436982,8
2024-09-16 14:46:42.280,416.1477632282979,97
2024-09-16 14:46:42.376,416.1469176261894,9
2024-09-16 14:46:42.387,416.109986035164,999
2024-09-16 14:46:42.388,416.1021452886295,996
2024-09-16 14:46:42.392,416.1038497781807,1000
2024-09-16 14:46:42.423,416.0939167144054,1004
2024-09-16 14:46:42.448,416.1135278212856,97
2024-09-16 14:46:42.499,416.1341051334939,1003
2024-09-16 14:46:42.513,416.11761034735457,1004
2024-09-16 14:46:42.552,416.0999394559964,1000
2024-09-16 14:46:42.615,-416.1156860452039,100
2024-09-16 14:46:42.629,416.1070800414534,999
2024-09-16 14:46:42.631,416.0960153959654,15
2024-09-16 14:46:42.697,416.13191924066007,12
2024-09-16 14:46:42.723,416.0861014858925,7
2024-09-16 14:46:42.837,416.12669532017816,12
2024-09-16 14:46:42.967,-416.11432500219627,102
2024-09-16 14:46:43.010,416.10922167600967,6
2024-09-16 14:46:43.091,416.1387809729243,10
2024-09-16 14:46:43.107,416.1261126215597,103
2024-09-16 14:46:43.111,416.1168452031795,1003
2024-09-16 14:46:43.153,416.09702020007234,1005
2024-09-16 14:46:43.165,416.103891290318,99
2024-09-16 14:46:43.207,416.0890208976883,13
2024-09-16 14:46:43.319,416.13501122962646,999
2024-09-16 14:46:43.352,416.1350581618751,1004
2024-09-16 14:46:43.430,416.1024825360065,997
2024-09-16 14:46:43.493,416.0986053329842,995
2024-09-16 14:46:43.579,416.08920957902455,15
2024-09-16 14:46:43.599,416.09728033554353,1000
2024-09-16 14:46:43.607,416.0775494865411,6
2024-09-16 14:46:43.643,416.1236875890575,1002
2024-09-16 14:46:43.646,416.1266474553619,103
2024-09-16 14:46:43.650,416.14204797878233,1005
2024-09-16 14:46:43.655,416.13875776837375,13
2024-09-16 14:46:43.665,416.0852478066679,97
2024-09-16 14:46:43.683,416.14022685386135,1005
2024-09-16 14:46:43.769,416.09677309695087,101
2024-09-16 14:46:43.808,416.1258132199347,13
2024-09-16 14:46:43.811,416.0904189114295,14
2024-09-16 14:46:44.095,416.1131620741263,98
2024-09-16 14:46:44.153,416.0818772878004,13
2024-09-16 14:46:44.281,416.122591988901,14
2024-09-16 14:46:45.173,416.1141099407366,1001
2024-09-16 14:46:45.179,416.12940491377566,96
2024-09-16 14:46:45.197,416.0856014302232,6
2024-09-16 14:46:45.338,416.110508432446,5
2024-09-16 14:46:45.409,416.09726074540015,102
2024-09-16 14:46:45.422,416.110347686064,98
2024-09-16 14:46:45.478,416.1203833300107,1004
2024-09-16 14:46:45.488,416.1101769409927,1003
2024-09-16 14:46:45.499,416.1153040744648,11
2024-09-16 14:46:45.570,416.1010230786336,105
2024-09-16 14:46:45.609,416.10142911904046,13
2024-09-16 14:46:45.627,416.1249648011495,7
2024-09-16 14:46:45.699,416.0999049053972,12
2024-09-16 14:46:45.709,416.1127433850119,14
2024-09-16 14:46:45.715,416.084233979424,1005
2024-09-16 14:46:45.742,416.1105339867796,103
2024-09-16 14:46:45.764,416.1213082412351,100
2024-09-16 14:46:46.027,416.12426072919646,100
2024-09-16 14:46:46.086,416.11877523848,997
2024-09-16 14:46:46.143,416.12859623864864,100
2024-09-16 14:46:46.569,416.12232353212136,14
2024-09-16 14:46:46.603,416.1445680383258,8
2024-09-16 14:46:46.678,416.1261178285856,96
2024-09-16 14:46:46.702,416.133610534375,103
2024-09-16 14:46:46.780,416.13441422393805,998
2024-09-16 14:46:46.820,416.144534710577,9
2024-09-16 14:46:46.830,416.1353871769058,999
2024-09-16 14:46:46.924,416.1192199040962,1003
2024-09-16 14:46:46.925,416.13871504235794,1004
2024-09-16 14:46:46.934,416.1279258967079,97
2024-09-16 14:46:47.004,416.1364067389389,103
2024-09-16 14:46:47.060,416.1385995533864,13
2024-09-16 14:46:47.095,416.1359480135804,1003
2024-09-16 14:46:47.158,416.0785853943686,10
2024-09-16 14:46:47.189,416.1617860023137,100
2024-09-16 14:46:47.290,416.0741934347644,7
2024-09-16 14:46:47.298,416.0768727962955,104
2024-09-16 14:46:47.411,416.0905100576287,15
2024-09-16 14:46:47.466,416.09365846313887,105
2024-09-16 14:46:47.487,416.1452567285211,1003
2024-09-16 14:46:47.490,416.1382372657875,98
2024-09-16 14:46:47.511,416.1658342716471,998
2024-09-16 14:46:47.569,416.1155368906881,9
2024-09-16 14:46:47.599,416.0883618604871,995
2024-09-16 14:46:47.642,416.08848799425846,1004
2024-09-16 14:46:47.663,416.16795554275234,11
2024-09-16 14:46:47.714,416.0869078946071,11
2024-09-16 14:46:47.729,416.1312501746533,98
2024-09-16 14:46:47.814,416.1748052905572,1000
2024-09-16 14:46:47.837,416.1483479251128,995
2024-09-16 14:46:47.927,416.095212190081,995
2024-09-16 14:46:47.958,416.1473441670211,1003
2024-09-16 14:46:47.966,416.1680665144749,11
2024-09-16 14:46:47.976,416.103586468374,1000
2024-09-16 14:46:48.481,416.1007554372845,6
2024-09-16 14:46:48.804,416.1007194728775,1000
2024-09-16 14:46:48.934,,5
2024-09-16 14:46:49.002,416.0351786086487,7
2024-09-16 14:46:49.008,416.048820313006,103
2024-09-16 14:46:49.046,416.0475556543053,1003
2024-09-16 14:46:49.111,416.0459946386574,14
2024-09-16 14:46:49.200,419.3481031973844,95
2024-09-16 14:46:49.227,416.0549225479245,103
2024-09-16 14:46:49.255,416.0565567484155,1003
2024-09-16 14:46:49.262,416.0641933626673,95
2024-09-16 14:46:49.271,416.0549278629538,98
2024-09-16 14:46:49.281,416.00115449195897,99
2024-09-16 14:46:49.483,416.0901287383833,5
2024-09-16 14:46:49.514,416.0552653481562,997
2024-09-16 14:46:49.518,416.0391076885521,103
2024-09-16 14:46:49.548,416.0531400361248,1000
2024-09-16 14:46:49.556,416.04525814468366,996
2024-09-16 14:46:49.594,416.0536617451254,96
2024-09-16 14:46:49.631,-416.0407954863216,11
2024-09-16 14:46:49.681,416.064892782294,105
2024-09-16 14:46:49.698,416.02811243207685,103
2024-09-16 14:46:49.737,416.0534706474117,996
2024-09-16 14:46:49.789,416.0465373746381,997
2024-09-16 14:46:49.847,416.05294727908125,10
2024-09-16 14:46:49.944,,100
2024-09-16 14:46:49.946,416.0411543005217,101
2024-09-16 14:46:49.967,415.9931657940149,14
2024-09-16 14:46:50.089,416.0121473145361,102
2024-09-16 14:46:50.176,416.0147731744016,98
2024-09-16 14:46:50.287,415.9703447050473,1000
2024-09-16 14:46:50.365,415.9890703646784,995
2024-09-16 14:46:50.593,415.9661626841341,100
2024-09-16 14:46:50.602,415.9799639411999,5
2024-09-16 14:46:50.975,-416.0120619875281,12
2024-09-16 14:46:50.981,415.99048791648704,102
2024-09-16 14:46:50.982,415.9709557731813,105
2024-09-16 14:46:51.224,419.4105624198802,997
2024-09-16 14:46:51.683,416.011464814268,997
2024-09-16 14:46:51.867,419.3291223039007,1002
2024-09-16 14:46:51.892,415.9957111215295,102
2024-09-16 14:46:52.031,416.0197181575885,1004
2024-09-16 14:46:52.178,415.9640828596588,15
2024-09-16 14:46:52.262,415.9783153071058,99
2024-09-16 14:46:52.318,415.9804827634263,1002
2024-09-16 14:46:52.353,415.98119174097576,1001
2024-09-16 14:46:52.353,415.9663219340591,103
2024-09-16 14:46:52.376,416.00233894247486,100
2024-09-16 14:46:52.401,415.9895822558966,10
2024-09-16 14:46:52.403,415.9768502731718,5
2024-09-16 14:46:52.439,415.9783007869642,1002
2024-09-16 14:46:52.456,416.0065979302605,10
2024-09-16 14:46:52.466,415.9851924001576,1004
2024-09-16 14:46:52.696,415.9793251536647,98
2024-09-16 14:46:52.721,415.978132854897,9
2024-09-16 14:46:52.765,415.96687184108106,1003
2024-09-16 14:46:52.800,415.99474891054746,11
2024-09-16 14:46:52.821,415.9680375925179,995
2024-09-16 14:46:52.830,415.9802014340023,1002
2024-09-16 14:46:52.855,415.9753755825716,997
2024-09-16 14:46:52.880,-416.0035227484896,103
2024-09-16 14:46:52.953,416.0043793134528,105
2024-09-16 14:46:52.998,416.01186255161167,102
2024-09-16 14:46:53.324,415.9149299251731,996
2024-09-16 14:46:53.345,415.91822286203205,13
2024-09-16 14:46:53.404,415.9257233637945,96
2024-09-16 14:46:53.505,419.3427497190228,97
2024-09-16 14:46:53.632,415.96427865347584,9
2024-09-16 14:46:53.811,415.9461834564019,100
2024-09-16 14:46:53.958,415.9206676377555,95
2024-09-16 14:46:54.051,415.93148341604655,13
2024-09-16 14:46:54.350,415.9323947498819,1002
2024-09-16 14:46:54.416,415.9167484368693,97
2024-09-16 14:46:54.443,415.9246569518993,997
2024-09-16 14:46:54.588,415.9326323707754,998
2024-09-16 14:46:54.628,415.9257232494493,100
2024-09-16 14:46:54.852,415.930507184371,5
2024-09-16 14:46:54.872,415.9447906319718,10
2024-09-16 14:46:54.885,415.9355277015189,14
2024-09-16 14:46:55.042,415.8972283325095,99
2024-09-16 14:46:55.047,415.8999183350441,995
2024-09-16 14:46:55.228,415.8576801170336,996
2024-09-16 14:46:55.280,415.9288130508348,14
2024-09-16 14:46:55.367,415.855137538304,97
2024-09-16 14:46:55.439,415.93718100493146,99
2024-09-16 14:46:55.572,415.8655284987518,5
2024-09-16 14:46:55.743,415.8971511013561,101
2024-09-16 14:46:55.796,415.8706313986569,100
2024-09-16 14:46:55.847,415.9302781670376,996
2024-09-16 14:46:55.867,415.84957606861474,102
2024-09-16 14:46:55.906,415.92568062666606,1004
2024-09-16 14:46:56.298,415.852461670421,15
2024-09-16 14:46:56.806,415.8393776391367,8
2024-09-16 14:46:56.831,415.8545132657853,1005
2024-09-16 14:46:57.011,415.8296576476653,1005
2024-09-16 14:46:57.015,415.8739504465152,104
2024-09-16 14:46:57.119,415.8306415620928,96
2024-09-16 14:46:57.350,415.8681421674344,96
2024-09-16 14:46:57.421,415.8129040792479,101
2024-09-16 14:46:57.473,415.8265479172174,105
2024-09-16 14:46:57.510,415.86522507722833,99
2024-09-16 14:46:57.523,415.8270027278173,8
2024-09-16 14:46:57.578,415.8176947467046,6
2024-09-16 14:46:57.657,415.80811126940057,11
2024-09-16 14:46:57.675,415.8788158616383,105
2024-09-16 14:46:57.707,415.84788805392094,9
2024-09-16 14:46:57.758,415.8171678057029,101
2024-09-16 14:46:57.897,415.82192271629793,99
2024-09-16 14:46:57.938,,1001
2024-09-16 14:46:57.969,415.8673357514504,1004
2024-09-16 14:46:57.973,415.8448458926272,996
2024-09-16 14:46:58.027,415.82734320506137,98
2024-09-16 14:46:58.204,415.8457003428634,1002
2024-09-16 14:46:58.321,415.8750837615886,12
2024-09-16 14:46:58.392,415.8278182870314,100
2024-09-16 14:46:58.444,415.8656929030316,101
2024-09-16 14:46:58.500,415.8563125865984,5
2024-09-16 14:46:58.762,415.8410247763144,105
2024-09-16 14:46:58.810,415.8271175866672,102
2024-09-16 14:46:58.884,415.8358636723566,997
2024-09-16 14:46:58.893,415.8412499046958,14
2024-09-16 14:46:59.004,415.7798216913825,999
2024-09-16 14:46:59.036,415.7502962758117,13
2024-09-16 14:46:59.068,415.742488740594,11
2024-09-16 14:46:59.097,415.7357660398422,1002
2024-09-16 14:46:59.127,415.8210531940046,1001
2024-09-16 14:46:59.279,415.8135762681524,104
2024-09-16 14:46:59.296,415.85419169781073,102
2024-09-16 14:46:59.369,415.8857814564653,7
2024-09-16 14:46:59.372,415.7448025013245,12
2024-09-16 14:46:59.455,415.7270994230655,1000
2024-09-16 14:46:59.553,415.802689112072,997
2024-09-16 14:46:59.584,415.7363381844272,104
2024-09-16 14:46:59.589,415.7346298707904,6
2024-09-16 14:46:59.621,415.8813607616877,100
2024-09-16 14:46:59.636,415.8547667670064,997
2024-09-16 14:46:59.662,415.8466366614143,1002
2024-09-16 14:46:59.664,415.8405918116045,102
2024-09-16 14:46:59.690,415.892299130442,96
2024-09-16 14:46:59.794,415.8304373223066,997
2024-09-16 14:46:59.801,415.7906008921652,101
2024-09-16 14:46:59.830,415.7994453754088,12
2024-09-16 14:46:59.861,415.8116899211968,7
2024-09-16 14:46:59.893,415.772531377131,1001
2024-09-16 14:46:59.993,415.8423448179027,997
