Timestamp,Price,Size
2024-09-18 12:43:00.079,416.8481501516816,97
2024-09-18 12:43:00.340,416.85275403367774,998
2024-09-18 12:43:00.394,416.83821837455497,9
2024-09-18 12:43:01.013,416.7911922503129,99
2024-09-18 12:43:01.023,416.7877870661504,1000
2024-09-18 12:43:01.036,416.8691509284996,101
2024-09-18 12:43:01.048,416.7878686745008,1005
2024-09-18 12:43:01.119,416.8361017421976,9
2024-09-18 12:43:01.121,416.8624955782295,1005
2024-09-18 12:43:01.192,416.8457731367076,8
2024-09-18 12:43:01.195,416.8401705234127,1000
2024-09-18 12:43:01.251,41.68443985780995,998
2024-09-18 12:43:01.435,416.8422207048154,996
2024-09-18 12:43:01.443,416.8431008708029,13
2024-09-18 12:43:01.463,416.845378647639,8
2024-09-18 12:43:01.491,416.86697321415375,10
2024-09-18 12:43:01.496,416.8579644695321,7
2024-09-18 12:43:01.568,416.8331902793445,1002
2024-09-18 12:43:01.571,416.872220921579,14
2024-09-18 12:43:01.612,416.80305547033873,997
2024-09-18 12:43:01.673,416.8589259417839,1001
2024-09-18 12:43:01.692,416.8418481434105,104
2024-09-18 12:43:01.753,416.8408229310352,15
2024-09-18 12:43:01.783,416.7809769159292,10
2024-09-18 12:43:01.789,416.837120940815,99
2024-09-18 12:43:01.820,416.84146743864574,996
2024-09-18 12:43:01.867,416.8522974872959,98
2024-09-18 12:43:01.885,416.8213593238098,995
2024-09-18 12:43:01.966,416.85589507723967,98
2024-09-18 12:43:02.014,416.799863129783,9
2024-09-18 12:43:02.040,416.799306470406,96
2024-09-18 12:43:02.068,416.8003069589128,11
2024-09-18 12:43:02.068,416.82334949038193,1003
2024-09-18 12:43:02.131,416.7952907303106,1000
2024-09-18 12:43:02.180,416.79641447502127,1001
2024-09-18 12:43:02.197,416.7995906848624,8
2024-09-18 12:43:02.219,416.7810928746301,14
2024-09-18 12:43:02.330,416.80969323888735,97
2024-09-18 12:43:02.340,416.8016460359482,98
2024-09-18 12:43:02.345,416.8138527255816,9
2024-09-18 12:43:02.420,416.8008484906096,100
2024-09-18 12:43:02.445,416.7870970045779,102
2024-09-18 12:43:02.465,416.83627779269966,5
2024-09-18 12:43:02.484,416.79728295275055,97
2024-09-18 12:43:02.499,416.7926927072723,1001
2024-09-18 12:43:02.546,416.79352181856393,98
2024-09-18 12:43:02.573,416.7977967219101,15
2024-09-18 12:43:02.601,416.8134956775869,98
2024-09-18 12:43:02.604,416.77409916901416,8
2024-09-18 12:43:02.620,416.7844738517037,97
2024-09-18 12:43:02.753,416.80499445112673,11
2024-09-18 12:43:02.823,416.80117458304215,15
2024-09-18 12:43:02.848,416.8466388303069,1000
2024-09-18 12:43:02.859,416.7921424802051,6
2024-09-18 12:43:02.888,416.8045456303232,97
2024-09-18 12:43:02.943,,9
2024-09-18 12:43:02.946,416.80850803566057,1000
2024-09-18 12:43:02.993,416.8262820669114,1001
2024-09-18 12:43:03.074,416.759889910813,12
2024-09-18 12:43:03.111,416.75918280614974,14
2024-09-18 12:43:03.195,416.7651495566317,999
2024-09-18 12:43:03.199,416.77608161328345,999
2024-09-18 12:43:03.220,416.75774758458937,10
2024-09-18 12:43:03.291,416.74652193571967,1003
2024-09-18 12:43:03.316,416.79697053656537,1003
2024-09-18 12:43:03.348,416.75748474917503,103
2024-09-18 12:43:03.638,416.7681557739336,99
2024-09-18 12:43:03.731,416.7392952687687,1002
2024-09-18 12:43:03.810,416.7723555456944,7
2024-09-18 12:43:03.968,416.77080116547046,998
2024-09-18 12:43:03.980,416.751725547782,1004
2024-09-18 12:43:04.036,416.73141074266914,99
2024-09-18 12:43:04.064,416.7133957312685,995
2024-09-18 12:43:04.089,416.7228756008856,101
2024-09-18 12:43:04.147,416.7672521077386,12
2024-09-18 12:43:04.173,416.7698932316002,103
2024-09-18 12:43:04.186,-416.75085418844697,102
2024-09-18 12:43:04.244,416.7938377854232,11
2024-09-18 12:43:04.269,,996
2024-09-18 12:43:04.308,416.7579062779109,5
2024-09-18 12:43:04.408,416.7580305669027,1000
2024-09-18 12:43:04.536,416.7068910649808,1002
2024-09-18 12:43:04.571,416.70910319017577,8
2024-09-18 12:43:04.578,416.69797250512,1001
2024-09-18 12:43:04.588,416.74738047176567,11
2024-09-18 12:43:04.648,416.76335140848,995
2024-09-18 12:43:04.669,41.67302363117751,9
2024-09-18 12:43:04.696,416.7733008756504,998
2024-09-18 12:43:04.742,416.7613265922642,1002
2024-09-18 12:43:04.743,416.7655285039428,1001
2024-09-18 12:43:04.756,416.71974070526426,1001
2024-09-18 12:43:04.780,416.7209704939654,1005
2024-09-18 12:43:04.782,416.6979115875255,997
2024-09-18 12:43:04.794,416.7954389862077,1005
2024-09-18 12:43:04.798,416.7663462723716,103
2024-09-18 12:43:04.867,416.7127238452972,13
2024-09-18 12:43:04.903,41.67568122295573,13
2024-09-18 12:43:04.913,416.7089909424818,102
2024-09-18 12:43:04.943,416.74794666876926,99
2024-09-18 12:43:04.976,416.7754931061477,5
2024-09-18 12:43:05.546,416.7450711718084,97
2024-09-18 12:43:05.908,416.7640783513313,5
2024-09-18 12:43:06.226,416.7391261062023,100
2024-09-18 12:43:06.302,416.6987533743168,996
2024-09-18 12:43:06.314,416.6905272086193,103
2024-09-18 12:43:06.431,416.75152705111054,6
2024-09-18 12:43:06.442,416.71490202009954,101
2024-09-18 12:43:06.484,416.7101109355386,1001
2024-09-18 12:43:06.486,416.73879033290046,103
2024-09-18 12:43:06.666,416.7280048930999,97
2024-09-18 12:43:06.681,416.73988416978426,1001
2024-09-18 12:43:07.140,416.67651353970297,100
2024-09-18 12:43:07.262,416.6540801652566,1002
2024-09-18 12:43:07.277,416.6943895529716,98
2024-09-18 12:43:07.347,416.6946814041628,5
2024-09-18 12:43:07.430,416.6798503229069,95
2024-09-18 12:43:07.621,416.6898834470253,996
2024-09-18 12:43:07.628,416.7116601581418,99
2024-09-18 12:43:07.638,-416.7000214670216,101
2024-09-18 12:43:07.670,416.6976727740284,13
2024-09-18 12:43:07.699,416.7096605598822,998
2024-09-18 12:43:07.871,416.6661047523981,102
2024-09-18 12:43:07.964,416.69991502192914,10
2024-09-18 12:43:08.199,416.7121865598064,9
2024-09-18 12:43:08.351,416.6926848555624,10
2024-09-18 12:43:08.870,416.69636011828095,10
2024-09-18 12:43:08.982,416.67236660933816,9
2024-09-18 12:43:09.000,416.7835653994513,6
2024-09-18 12:43:09.081,416.8230493514661,11
2024-09-18 12:43:09.102,416.7022861634182,995
2024-09-18 12:43:09.115,416.8116840882153,7
2024-09-18 12:43:09.188,416.6981408223487,100
2024-09-18 12:43:09.193,416.7443124765172,995
2024-09-18 12:43:09.204,416.7705050640494,102
2024-09-18 12:43:09.205,416.7915318352945,103
2024-09-18 12:43:09.274,416.70121257172735,1004
2024-09-18 12:43:09.475,416.8144947597549,97
2024-09-18 12:43:09.538,416.8087803598402,9
2024-09-18 12:43:09.564,416.8186961396485,5
2024-09-18 12:43:09.567,416.8224272389887,1004
2024-09-18 12:43:09.657,416.8025505944657,7
2024-09-18 12:43:09.796,416.7821729106667,15
2024-09-18 12:43:09.811,416.8298857973441,1000
2024-09-18 12:43:09.833,416.7827809011957,10
2024-09-18 12:43:09.842,416.847604352782,998
2024-09-18 12:43:09.859,416.73501837576384,14
2024-09-18 12:43:09.866,416.7089012783176,998
2024-09-18 12:43:09.950,416.717608411284,997
2024-09-18 12:43:10.071,416.8582889876959,997
2024-09-18 12:43:10.104,416.8759358420196,98
2024-09-18 12:43:10.206,416.8820748063606,102
2024-09-18 12:43:10.296,416.8616173018485,995
2024-09-18 12:43:10.332,416.81143004144815,9
2024-09-18 12:43:10.379,416.8438793892235,996
2024-09-18 12:43:10.396,416.8648139092962,1004
2024-09-18 12:43:10.493,416.87040141619184,102
2024-09-18 12:43:10.679,416.8692492583998,11
2024-09-18 12:43:10.713,416.8328811649264,105
2024-09-18 12:43:10.732,416.8890281216438,99
2024-09-18 12:43:10.767,416.8235371960999,98
2024-09-18 12:43:10.786,416.88590241153327,998
2024-09-18 12:43:10.964,416.86398353194136,97
2024-09-18 12:43:10.995,416.8487310702593,102
2024-09-18 12:43:11.035,416.8223655224264,96
2024-09-18 12:43:11.051,,96
2024-09-18 12:43:11.078,416.8188778759971,6
2024-09-18 12:43:11.110,416.81385706995286,104
2024-09-18 12:43:11.249,416.8170641762289,8
2024-09-18 12:43:11.267,416.8126661397374,6
2024-09-18 12:43:11.303,416.7998293523653,998
2024-09-18 12:43:11.309,416.8209764019885,96
2024-09-18 12:43:11.312,416.7976009289526,105
2024-09-18 12:43:11.502,416.815089812538,1001
2024-09-18 12:43:11.512,416.8038022722992,1002
2024-09-18 12:43:11.523,416.8245693807445,104
2024-09-18 12:43:11.552,416.831728903965,98
2024-09-18 12:43:11.734,416.815101279939,999
2024-09-18 12:43:11.752,416.8184399807765,6
2024-09-18 12:43:11.784,416.8190303161928,7
2024-09-18 12:43:12.146,416.8113832552213,995
2024-09-18 12:43:12.202,416.7850459393484,5
2024-09-18 12:43:12.205,416.7900260827832,1002
2024-09-18 12:43:12.229,416.7921106715795,1000
2024-09-18 12:43:12.357,416.78774659138605,996
2024-09-18 12:43:12.474,416.7781377303135,99
2024-09-18 12:43:12.634,416.802209202319,1000
2024-09-18 12:43:12.699,416.792519822114,99
2024-09-18 12:43:12.779,416.7788719639362,104
2024-09-18 12:43:12.900,416.78497097174784,997
2024-09-18 12:43:13.028,416.7942532901255,999
2024-09-18 12:43:13.033,416.7831874682328,5
2024-09-18 12:43:13.035,416.8560795071103,9
2024-09-18 12:43:13.208,41.68581105853374,104
2024-09-18 12:43:13.279,416.8744249306706,103
2024-09-18 12:43:13.325,416.7790166046964,5
2024-09-18 12:43:13.385,,100
2024-09-18 12:43:13.399,416.8118907270693,105
2024-09-18 12:43:13.428,416.875428098648,999
2024-09-18 12:43:13.463,416.7951998439588,102
2024-09-18 12:43:13.510,416.8010153784057,96
2024-09-18 12:43:13.692,416.8745177664279,5
2024-09-18 12:43:13.721,416.8280140069351,1002
2024-09-18 12:43:13.733,416.8148155591451,9
2024-09-18 12:43:13.747,416.8953770453346,1000
2024-09-18 12:43:13.769,,5
2024-09-18 12:43:13.794,416.7857748019628,6
2024-09-18 12:43:13.796,41.67825160576389,996
2024-09-18 12:43:13.801,416.79689782845,8
2024-09-18 12:43:13.846,416.8221078887056,103
2024-09-18 12:43:13.848,416.8829440838198,995
2024-09-18 12:43:13.876,416.8754023088768,1004
2024-09-18 12:43:13.908,416.8780004138934,101
2024-09-18 12:43:13.992,416.87731480625695,995
2024-09-18 12:43:14.003,416.9197840789541,9
2024-09-18 12:43:14.173,416.93450698583246,97
2024-09-18 12:43:14.175,416.9189988353863,996
2024-09-18 12:43:14.325,416.9023634458138,103
2024-09-18 12:43:14.474,416.9192213700296,102
2024-09-18 12:43:14.477,416.916828004545,997
2024-09-18 12:43:14.493,416.9424256333534,7
2024-09-18 12:43:14.516,416.89083718156166,8
2024-09-18 12:43:14.530,416.924394965496,997
2024-09-18 12:43:14.602,416.9121456936989,9
2024-09-18 12:43:14.725,416.91211888534906,11
2024-09-18 12:43:14.742,416.9087241641558,13
2024-09-18 12:43:14.754,416.91613800583593,6
2024-09-18 12:43:14.767,416.91196150875845,8
2024-09-18 12:43:14.817,416.89145543024966,1000
2024-09-18 12:43:14.842,416.8975484470598,995
2024-09-18 12:43:14.853,416.8929113177238,1005
2024-09-18 12:43:14.902,416.9294435232271,101
2024-09-18 12:43:15.031,416.914025182788,10
2024-09-18 12:43:15.049,416.94907547937805,105
2024-09-18 12:43:15.100,416.9270523834207,105
2024-09-18 12:43:15.151,416.91879571320027,997
2024-09-18 12:43:15.183,416.9266810961498,96
2024-09-18 12:43:15.239,416.9287239429594,5
2024-09-18 12:43:15.527,416.94839779423495,100
2024-09-18 12:43:15.559,416.9227254064917,999
2024-09-18 12:43:15.610,416.9436727415787,7
2024-09-18 12:43:15.688,416.9202534539234,999
2024-09-18 12:43:15.721,416.9323274551776,998
2024-09-18 12:43:15.794,416.9127875287091,998
2024-09-18 12:43:15.799,416.92964758741016,102
2024-09-18 12:43:15.917,416.93227039963386,12
2024-09-18 12:43:15.959,416.9045752030308,995
2024-09-18 12:43:15.968,416.9281406174117,97
2024-09-18 12:43:15.991,416.9344877922715,12
2024-09-18 12:43:16.003,416.9596648126317,998
2024-09-18 12:43:16.087,416.978641303538,9
2024-09-18 12:43:16.149,416.9442288986603,97
2024-09-18 12:43:16.170,416.93304244133833,14
2024-09-18 12:43:16.201,416.9230401927526,995
2024-09-18 12:43:16.244,416.919833419451,11
2024-09-18 12:43:16.259,416.9696250903854,1004
2024-09-18 12:43:16.276,416.9560189457376,5
2024-09-18 12:43:16.286,416.9286439213284,105
2024-09-18 12:43:16.311,416.9232631231509,103
2024-09-18 12:43:16.326,416.91126523016345,6
2024-09-18 12:43:16.380,416.9475503826632,997
2024-09-18 12:43:16.385,416.9488689219628,95
2024-09-18 12:43:16.405,416.9669183301348,12
2024-09-18 12:43:16.444,416.9351755415245,101
2024-09-18 12:43:16.634,416.92354197158687,95
2024-09-18 12:43:16.648,416.94440033433824,96
2024-09-18 12:43:16.720,416.937350156356,105
2024-09-18 12:43:16.796,416.9386077294165,99
2024-09-18 12:43:16.797,416.9434740538577,1000
2024-09-18 12:43:16.801,416.9510754578389,15
2024-09-18 12:43:16.868,416.9525838450732,1003
2024-09-18 12:43:16.891,416.9565102362008,102
2024-09-18 12:43:16.894,41.69421855271325,96
2024-09-18 12:43:16.899,416.9125796814895,1000
2024-09-18 12:43:16.986,416.9253859721812,998
2024-09-18 12:43:17.057,416.9243973243175,97
2024-09-18 12:43:17.088,416.9517376401586,102
2024-09-18 12:43:17.091,416.9248290977027,95
2024-09-18 12:43:17.276,416.9510873691036,13
2024-09-18 12:43:17.294,416.946447047732,997
2024-09-18 12:43:17.304,416.9307026719486,102
2024-09-18 12:43:17.306,416.9414975011173,995
2024-09-18 12:43:17.309,416.9381187574873,999
2024-09-18 12:43:17.322,416.9248090893103,13
2024-09-18 12:43:17.408,416.93705581084,102
2024-09-18 12:43:17.493,41.694265193128814,1001
2024-09-18 12:43:17.536,416.9411371074217,1002
2024-09-18 12:43:17.839,416.941242699044,105
2024-09-18 12:43:17.928,416.9268596447065,996
2024-09-18 12:43:17.943,416.9393282525991,97
2024-09-18 12:43:17.962,416.9418461573352,9
2024-09-18 12:43:18.076,417.0144638637484,997
2024-09-18 12:43:18.088,417.0069559154152,97
2024-09-18 12:43:18.129,416.978734098596,101
2024-09-18 12:43:18.209,417.0211544693369,105
2024-09-18 12:43:18.486,416.9875527840105,105
2024-09-18 12:43:18.599,416.968619357662,105
2024-09-18 12:43:18.610,416.99651035041575,996
2024-09-18 12:43:18.781,416.9649734782455,996
2024-09-18 12:43:18.808,417.0119440701616,8
2024-09-18 12:43:18.967,417.01053892954326,1005
2024-09-18 12:43:19.219,416.9471488777165,9
2024-09-18 12:43:19.399,417.0038219776199,996
2024-09-18 12:43:19.435,417.0037739279792,13
2024-09-18 12:43:19.491,416.9706410516637,995
2024-09-18 12:43:19.528,416.9902342137785,97
2024-09-18 12:43:19.544,416.9821088869398,95
2024-09-18 12:43:19.581,416.9582911059593,1003
2024-09-18 12:43:19.592,416.973287507464,5
2024-09-18 12:43:19.718,416.97481660289344,105
2024-09-18 12:43:19.747,416.9458876384849,1005
2024-09-18 12:43:19.753,416.9746118249018,14
2024-09-18 12:43:19.795,416.97250542099687,1004
2024-09-18 12:43:19.878,416.9699291297442,10
2024-09-18 12:43:19.884,416.98183079757706,98
2024-09-18 12:43:20.102,416.99030667192335,7
2024-09-18 12:43:20.148,416.9651178864119,102
2024-09-18 12:43:20.258,416.9674152936308,100
2024-09-18 12:43:20.514,416.9545055876656,995
2024-09-18 12:43:20.687,416.9601190053771,14
2024-09-18 12:43:20.718,416.9881309539528,995
2024-09-18 12:43:20.898,416.9849879735908,1001
2024-09-18 12:43:21.080,416.955460803974,995
2024-09-18 12:43:21.257,416.9698442583983,95
2024-09-18 12:43:21.298,416.967404212694,1003
2024-09-18 12:43:21.417,416.9689976472423,996
2024-09-18 12:43:21.520,416.966843998205,1004
2024-09-18 12:43:21.544,416.9690758487211,996
2024-09-18 12:43:21.636,416.9685369812672,96
2024-09-18 12:43:21.726,416.98255653727017,99
2024-09-18 12:43:21.782,416.9580757968666,11
2024-09-18 12:43:21.826,416.9715533800589,996
2024-09-18 12:43:21.941,416.952465418615,104
2024-09-18 12:43:22.015,416.9486922640533,95
2024-09-18 12:43:22.060,417.0276083928744,1004
2024-09-18 12:43:22.111,417.03815733467087,1000
2024-09-18 12:43:22.143,416.9721231348663,1000
2024-09-18 12:43:22.225,416.9568190204062,105
2024-09-18 12:43:22.328,416.9891166942628,13
2024-09-18 12:43:22.342,416.9870358578493,8
2024-09-18 12:43:22.370,416.9938385263221,1004
2024-09-18 12:43:22.378,416.9407985426273,5
2024-09-18 12:43:22.391,416.9655431337333,99
2024-09-18 12:43:22.468,416.9719225750652,11
2024-09-18 12:43:22.499,417.0075540770628,14
2024-09-18 12:43:22.514,416.9507453204351,13
2024-09-18 12:43:22.541,416.9563472140231,96
2024-09-18 12:43:22.545,,100
2024-09-18 12:43:22.653,416.9824713213428,7
2024-09-18 12:43:22.693,416.989944950546,995
2024-09-18 12:43:22.696,416.96560880439057,13
2024-09-18 12:43:22.747,416.9703229872264,9
2024-09-18 12:43:22.749,416.9509470279445,1002
2024-09-18 12:43:22.804,417.0395049167207,995
2024-09-18 12:43:22.813,416.9588934366394,102
2024-09-18 12:43:22.818,416.9724735711969,1000
2024-09-18 12:43:22.937,416.9655237590762,998
2024-09-18 12:43:22.948,416.9489017893735,997
2024-09-18 12:43:22.974,416.9530824032231,101
2024-09-18 12:43:22.985,416.95717307229455,10
2024-09-18 12:43:23.050,417.1181560447221,97
2024-09-18 12:43:23.127,417.1103056700321,13
2024-09-18 12:43:23.434,417.1274715058032,100
2024-09-18 12:43:23.441,417.13347797602967,996
2024-09-18 12:43:23.478,417.1352950760193,1005
2024-09-18 12:43:23.478,417.1297179246512,100
2024-09-18 12:43:23.510,417.064998035856,14
2024-09-18 12:43:23.570,417.1350328469584,1002
2024-09-18 12:43:23.573,417.1064089082215,996
2024-09-18 12:43:23.602,417.1490048722005,11
2024-09-18 12:43:23.714,417.1340194724434,9
2024-09-18 12:43:23.726,417.1176711949974,5
2024-09-18 12:43:23.748,417.10249309289287,6
2024-09-18 12:43:23.826,417.0907523022738,1001
2024-09-18 12:43:23.938,417.07014125946336,9
2024-09-18 12:43:23.999,417.13568551825006,98
2024-09-18 12:43:24.073,417.105188250092,11
2024-09-18 12:43:24.120,-417.0809478928448,104
2024-09-18 12:43:24.162,417.0679932983049,8
2024-09-18 12:43:24.167,417.1207967269282,8
2024-09-18 12:43:24.218,417.1051133164997,1000
2024-09-18 12:43:24.233,417.0988297019325,1003
2024-09-18 12:43:24.263,417.0873413322811,999
2024-09-18 12:43:24.303,417.099528975182,102
2024-09-18 12:43:24.322,417.0990761195575,999
2024-09-18 12:43:24.349,417.1141411399049,103
2024-09-18 12:43:24.364,417.0782595592471,103
2024-09-18 12:43:24.399,417.1205420679536,12
2024-09-18 12:43:24.476,417.0852706343975,5
2024-09-18 12:43:24.490,417.0760627040946,104
2024-09-18 12:43:24.587,417.0901059190044,15
2024-09-18 12:43:24.597,417.08562897502,13
2024-09-18 12:43:24.732,417.0958409585164,1001
2024-09-18 12:43:24.755,417.084808350136,1000
2024-09-18 12:43:24.763,417.09599254217534,14
2024-09-18 12:43:24.804,417.0913714566387,995
2024-09-18 12:43:24.829,417.1029252264183,1005
2024-09-18 12:43:24.900,417.0748051448661,997
2024-09-18 12:43:24.909,417.0840747382107,997
2024-09-18 12:43:24.916,417.098307779161,998
2024-09-18 12:43:24.972,417.1100432161263,103
2024-09-18 12:43:25.011,417.1213537583589,6
2024-09-18 12:43:25.093,417.116308777593,6
2024-09-18 12:43:25.112,417.120522226966,7
2024-09-18 12:43:25.114,417.0962740410817,8
2024-09-18 12:43:25.128,417.0714664596673,5
2024-09-18 12:43:25.129,417.1027474885445,995
2024-09-18 12:43:25.174,417.13046234186703,1004
2024-09-18 12:43:25.223,417.1138061289144,97
2024-09-18 12:43:25.228,417.090358449175,7
2024-09-18 12:43:25.291,417.13272156041785,7
2024-09-18 12:43:25.306,417.1225851209104,15
2024-09-18 12:43:25.352,417.1452460410004,104
2024-09-18 12:43:25.354,417.0872288957751,104
2024-09-18 12:43:25.363,417.099256986044,100
2024-09-18 12:43:25.370,417.1523507973822,14
2024-09-18 12:43:25.388,417.0931200900722,8
2024-09-18 12:43:25.448,-417.0877924026416,101
2024-09-18 12:43:25.478,417.13218010150655,1004
2024-09-18 12:43:25.541,417.1246835405172,102
2024-09-18 12:43:25.573,417.0763041285828,1005
2024-09-18 12:43:25.629,417.0955630169897,1004
2024-09-18 12:43:25.630,417.1496508187151,100
2024-09-18 12:43:25.699,417.124681464084,1001
2024-09-18 12:43:25.707,417.0889068594675,1002
2024-09-18 12:43:25.816,417.1175850479989,996
2024-09-18 12:43:25.858,417.08809443831433,998
2024-09-18 12:43:25.933,417.0576969695683,1005
2024-09-18 12:43:25.974,417.1141766134826,996
2024-09-18 12:43:25.976,417.11660544478656,996
2024-09-18 12:43:26.111,417.1363318428661,15
2024-09-18 12:43:26.139,417.1214964979529,98
2024-09-18 12:43:26.143,417.1267366201776,101
2024-09-18 12:43:26.213,417.1664193337564,6
2024-09-18 12:43:26.226,417.16674159566526,99
2024-09-18 12:43:26.291,417.1655387471308,10
2024-09-18 12:43:26.305,417.1786558085992,14
2024-09-18 12:43:26.348,417.1468429934284,995
2024-09-18 12:43:26.355,417.15236467032,6
2024-09-18 12:43:26.442,417.1505097345077,997
2024-09-18 12:43:26.453,417.1321045625577,1001
2024-09-18 12:43:26.473,417.14081854388274,10
2024-09-18 12:43:26.481,417.1486261969818,98
2024-09-18 12:43:26.485,417.1667311940261,1005
2024-09-18 12:43:26.497,417.1758992135055,12
2024-09-18 12:43:26.553,417.1741318670493,8
2024-09-18 12:43:26.581,417.1505110438975,99
2024-09-18 12:43:26.706,417.1286459905245,103
2024-09-18 12:43:26.711,417.1445720584058,104
2024-09-18 12:43:26.762,417.1431589747917,1005
2024-09-18 12:43:26.796,417.1628930316824,14
2024-09-18 12:43:26.806,417.1600728446779,15
2024-09-18 12:43:26.888,417.1758042941535,1005
2024-09-18 12:43:27.129,417.1911720589527,1003
2024-09-18 12:43:27.227,417.1847925795664,104
2024-09-18 12:43:27.899,417.1755922108379,999
2024-09-18 12:43:27.973,417.1784667540747,997
2024-09-18 12:43:28.012,417.1792972029894,10
2024-09-18 12:43:28.033,417.17046122869954,1000
2024-09-18 12:43:28.192,417.1815365989666,1002
2024-09-18 12:43:28.223,417.1923800558758,101
2024-09-18 12:43:28.236,417.15027946687394,97
2024-09-18 12:43:28.283,417.1667457367424,6
2024-09-18 12:43:28.289,417.1696441222907,1004
2024-09-18 12:43:28.291,417.16130100694056,1004
2024-09-18 12:43:28.383,417.19329390203137,99
2024-09-18 12:43:28.403,41.71726154643173,1004
2024-09-18 12:43:28.432,417.1468128993332,1001
2024-09-18 12:43:28.457,417.185551996303,6
2024-09-18 12:43:28.500,417.1780337174165,8
2024-09-18 12:43:28.621,417.19705280195967,1002
2024-09-18 12:43:28.624,417.1928496381321,1000
2024-09-18 12:43:28.637,417.18067418020826,1003
2024-09-18 12:43:28.647,417.189293390374,13
2024-09-18 12:43:28.672,417.1661277618893,103
2024-09-18 12:43:28.707,417.1699816220397,996
2024-09-18 12:43:28.806,41.71449870205376,996
2024-09-18 12:43:28.819,417.16723565187897,11
2024-09-18 12:43:28.830,417.1437378832224,95
2024-09-18 12:43:28.897,417.16874403778417,105
2024-09-18 12:43:28.949,417.1774462153933,98
2024-09-18 12:43:28.979,417.1619771298329,997
2024-09-18 12:43:28.981,417.18061736481286,13
2024-09-18 12:43:29.152,417.19280059629017,97
2024-09-18 12:43:29.213,417.1756257591473,9
2024-09-18 12:43:29.788,417.168232010559,103
2024-09-18 12:43:30.108,417.2405502941221,1001
2024-09-18 12:43:30.158,417.23092542651233,9
2024-09-18 12:43:30.217,417.169603120816,8
2024-09-18 12:43:30.230,417.187200159126,1003
2024-09-18 12:43:30.272,417.2099740720996,999
2024-09-18 12:43:30.343,417.2336175243908,98
2024-09-18 12:43:30.361,417.2071172093022,1001
2024-09-18 12:43:30.378,417.202398379418,12
2024-09-18 12:43:30.392,417.21271110756845,96
2024-09-18 12:43:30.403,417.1826900335539,997
2024-09-18 12:43:30.407,417.2160687683069,98
2024-09-18 12:43:30.572,417.22450172562776,99
2024-09-18 12:43:30.574,417.20064130236415,10
2024-09-18 12:43:30.659,417.1691004514118,100
2024-09-18 12:43:30.666,417.2133048114348,10
2024-09-18 12:43:30.667,417.2038398300613,99
2024-09-18 12:43:30.689,417.2034401092894,97
2024-09-18 12:43:30.718,417.2103626849336,104
2024-09-18 12:43:30.790,417.2299811821153,996
2024-09-18 12:43:30.821,417.1850406247893,997
2024-09-18 12:43:30.823,417.1821713230918,96
2024-09-18 12:43:30.861,417.2023744893862,6
2024-09-18 12:43:30.876,417.2171318029513,6
2024-09-18 12:43:31.067,417.1849867551268,1002
2024-09-18 12:43:31.112,417.1906017921943,103
2024-09-18 12:43:31.135,417.2293769849554,96
2024-09-18 12:43:31.181,417.18034350914553,11
2024-09-18 12:43:31.199,417.17443144180527,997
2024-09-18 12:43:31.215,417.1589940352925,10
2024-09-18 12:43:31.218,417.1876043242923,7
2024-09-18 12:43:31.233,417.1659887503021,100
2024-09-18 12:43:31.255,417.21875786259614,11
2024-09-18 12:43:31.346,417.1816174949941,100
2024-09-18 12:43:31.361,417.2248273002612,9
2024-09-18 12:43:31.448,417.22539107270177,7
2024-09-18 12:43:31.452,417.21711549836255,98
2024-09-18 12:43:31.477,417.1437194553084,1002
2024-09-18 12:43:31.505,417.180373647664,995
2024-09-18 12:43:31.520,417.1644710758608,998
2024-09-18 12:43:31.587,417.1605942992855,1000
2024-09-18 12:43:31.624,-417.22481020573264,95
2024-09-18 12:43:31.650,417.17824980569753,1000
2024-09-18 12:43:31.654,417.166545302189,104
2024-09-18 12:43:31.656,417.1950143987028,1003
2024-09-18 12:43:31.721,417.19544713261416,1003
2024-09-18 12:43:31.722,-417.1782950292501,1003
2024-09-18 12:43:31.737,417.16409787729566,10
2024-09-18 12:43:31.745,417.1775962595659,998
2024-09-18 12:43:31.761,417.1784286271536,5
2024-09-18 12:43:31.797,417.219441673125,105
2024-09-18 12:43:31.822,417.2405854551584,105
2024-09-18 12:43:31.859,417.2038955858652,7
2024-09-18 12:43:31.859,417.20521675371367,9
2024-09-18 12:43:32.028,417.152089926556,1002
2024-09-18 12:43:32.055,417.1081585087847,96
2024-09-18 12:43:32.067,417.1507572484103,998
2024-09-18 12:43:32.085,417.10111312368656,97
2024-09-18 12:43:32.138,417.0937820183802,102
2024-09-18 12:43:32.177,417.14705797302463,1005
2024-09-18 12:43:32.271,417.0991430354951,102
2024-09-18 12:43:32.276,417.111520817904,5
2024-09-18 12:43:32.372,417.1040959945335,1003
2024-09-18 12:43:32.385,417.0885970406508,9
2024-09-18 12:43:32.505,417.1183262798857,105
2024-09-18 12:43:32.533,417.1298646719123,95
2024-09-18 12:43:32.565,417.1110804864641,5
2024-09-18 12:43:32.574,417.112965667181,105
2024-09-18 12:43:32.618,417.0612228121967,7
2024-09-18 12:43:32.622,417.1462075152111,99
2024-09-18 12:43:32.703,417.1253444138528,103
2024-09-18 12:43:32.740,417.1003889839391,997
2024-09-18 12:43:32.799,417.1305470469701,1005
2024-09-18 12:43:32.898,417.1570569365648,1001
2024-09-18 12:43:32.954,417.09870288820633,99
2024-09-18 12:43:32.956,417.13403164522566,12
2024-09-18 12:43:32.971,417.1052611749077,13
2024-09-18 12:43:33.103,417.1608669505568,101
2024-09-18 12:43:33.115,417.117278378444,103
2024-09-18 12:43:33.131,417.0808627349844,8
2024-09-18 12:43:33.136,417.1030792912193,997
2024-09-18 12:43:33.239,417.07714404146736,101
2024-09-18 12:43:33.593,417.0574997131938,999
2024-09-18 12:43:33.670,417.11270411943417,8
2024-09-18 12:43:33.732,417.1456778238148,104
2024-09-18 12:43:33.836,417.1178754784894,12
2024-09-18 12:43:34.012,417.2172535431949,999
2024-09-18 12:43:34.013,417.127477114932,995
2024-09-18 12:43:34.021,417.1845009402133,103
2024-09-18 12:43:34.068,417.18529204598974,97
2024-09-18 12:43:34.171,417.1839238659979,10
2024-09-18 12:43:34.242,417.1702900849567,10
2024-09-18 12:43:34.243,417.1516090858564,97
2024-09-18 12:43:34.259,417.1436768123544,10
2024-09-18 12:43:34.276,417.1672409486964,1004
2024-09-18 12:43:34.295,417.1849873166864,1003
2024-09-18 12:43:34.296,417.1489545003911,7
2024-09-18 12:43:34.361,417.1420619665624,14
2024-09-18 12:43:34.398,417.1509467722283,1003
2024-09-18 12:43:34.398,417.1531990686225,5
2024-09-18 12:43:34.413,417.1193354660234,1001
2024-09-18 12:43:34.483,417.1281229552596,1003
2024-09-18 12:43:34.518,417.14723299337794,12
2024-09-18 12:43:34.541,417.2069956945861,102
2024-09-18 12:43:34.593,417.1158964460554,1005
2024-09-18 12:43:34.604,417.1204428185984,105
2024-09-18 12:43:34.625,417.1387080200396,11
2024-09-18 12:43:34.661,417.17005348879246,102
2024-09-18 12:43:34.676,417.1222109944202,99
2024-09-18 12:43:34.736,417.17939303693566,1003
2024-09-18 12:43:34.801,417.1196875065759,96
2024-09-18 12:43:34.818,417.1331806046646,95
2024-09-18 12:43:34.819,417.10252000832855,995
2024-09-18 12:43:34.861,417.2077467191749,104
2024-09-18 12:43:34.995,417.1369496616791,102
2024-09-18 12:43:35.182,417.1380040900716,104
2024-09-18 12:43:35.241,417.1635431055311,14
2024-09-18 12:43:35.262,417.1264490264023,15
2024-09-18 12:43:35.271,417.1495829494987,997
2024-09-18 12:43:35.544,417.1378605479248,1002
2024-09-18 12:43:35.598,417.1548539129711,998
2024-09-18 12:43:35.770,417.1576953010107,97
2024-09-18 12:43:36.074,417.1034130336769,100
2024-09-18 12:43:36.184,417.1350395836065,12
2024-09-18 12:43:36.223,417.1107690542947,15
2024-09-18 12:43:36.326,417.1248635541009,998
2024-09-18 12:43:36.527,417.1147546752552,9
2024-09-18 12:43:36.590,417.1121786474823,999
2024-09-18 12:43:36.831,417.0917757535225,103
2024-09-18 12:43:36.833,417.1392681277667,7
2024-09-18 12:43:36.843,417.11228343685855,1005
2024-09-18 12:43:36.867,417.0944425264712,5
2024-09-18 12:43:36.965,417.1230419247501,7
2024-09-18 12:43:36.982,,13
2024-09-18 12:43:36.993,417.1241936085243,1005
2024-09-18 12:43:36.994,417.11816908296646,98
2024-09-18 12:43:37.008,417.11034001631583,999
2024-09-18 12:43:37.071,417.1023366351099,1003
2024-09-18 12:43:37.116,417.1098790504557,1004
2024-09-18 12:43:37.200,417.1564363515473,103
2024-09-18 12:43:37.223,417.1778636383448,996
2024-09-18 12:43:37.244,417.1666846985803,14
2024-09-18 12:43:37.327,417.147529689082,10
2024-09-18 12:43:37.334,417.14447085200993,1000
2024-09-18 12:43:37.353,417.1446231838669,103
2024-09-18 12:43:37.427,417.19131879260016,98
2024-09-18 12:43:37.506,417.1432097331604,1004
2024-09-18 12:43:37.688,417.12270814989233,15
2024-09-18 12:43:37.796,417.1507360227693,98
2024-09-18 12:43:37.829,417.1526520787194,1005
2024-09-18 12:43:37.924,417.11586734382246,1005
2024-09-18 12:43:38.088,417.1804921795712,101
2024-09-18 12:43:38.890,417.1844819107971,10
2024-09-18 12:43:39.022,417.200781159412,1005
2024-09-18 12:43:39.063,417.172052134929,7
2024-09-18 12:43:39.121,417.1955488513108,997
2024-09-18 12:43:39.223,417.17858687902753,12
2024-09-18 12:43:39.536,417.18602434435394,97
2024-09-18 12:43:39.595,417.1845379495441,101
2024-09-18 12:43:39.613,417.19980937638223,5
2024-09-18 12:43:39.755,417.1827471167272,10
2024-09-18 12:43:39.874,417.2023308111027,1000
2024-09-18 12:43:39.925,417.1671540712807,12
2024-09-18 12:43:39.999,417.1918131171204,100
2024-09-18 12:43:40.031,417.1021594686916,15
2024-09-18 12:43:40.134,417.0959362477301,1002
2024-09-18 12:43:40.139,417.1828672795277,98
2024-09-18 12:43:40.211,417.0660632457425,14
2024-09-18 12:43:40.271,417.0903024269443,98
2024-09-18 12:43:40.280,417.1881485104944,104
2024-09-18 12:43:40.302,417.169838139034,6
2024-09-18 12:43:40.314,417.1867947717297,104
2024-09-18 12:43:40.345,417.135113734337,1005
2024-09-18 12:43:40.425,417.08288032809065,1003
2024-09-18 12:43:40.447,,996
2024-09-18 12:43:40.464,417.1741625193067,105
2024-09-18 12:43:40.476,417.0643373105645,5
2024-09-18 12:43:40.629,417.1216604868165,105
2024-09-18 12:43:40.700,417.1803016595484,1000
2024-09-18 12:43:40.732,417.16939404306817,11
2024-09-18 12:43:40.800,417.053629126784,103
2024-09-18 12:43:40.805,417.18827831392673,11
2024-09-18 12:43:40.818,417.18338447282895,95
2024-09-18 12:43:40.823,417.1801969947921,100
2024-09-18 12:43:40.899,417.1287295516014,1001
2024-09-18 12:43:40.908,417.1534049278776,997
2024-09-18 12:43:40.937,417.187967325977,102
2024-09-18 12:43:41.044,417.1193627969544,104
2024-09-18 12:43:41.044,417.0720260782882,1003
2024-09-18 12:43:41.154,417.1230041634532,7
2024-09-18 12:43:41.348,417.1112146166088,999
2024-09-18 12:43:41.408,417.0502121904864,14
2024-09-18 12:43:41.460,417.116621177179,11
2024-09-18 12:43:41.465,417.1073807774053,6
2024-09-18 12:43:41.627,417.12569348167153,102
2024-09-18 12:43:41.650,417.1152485127449,1004
2024-09-18 12:43:41.651,417.1131844949815,1001
2024-09-18 12:43:41.705,417.069372342019,103
2024-09-18 12:43:41.809,417.1403699113035,1002
2024-09-18 12:43:43.024,417.0400405911395,997
2024-09-18 12:43:43.041,417.0232478611748,14
2024-09-18 12:43:43.117,417.0922414452613,104
2024-09-18 12:43:43.133,416.99580322606016,9
2024-09-18 12:43:43.153,417.0137451201461,8
2024-09-18 12:43:43.154,417.0824964050026,9
2024-09-18 12:43:43.163,417.0436769513428,15
2024-09-18 12:43:43.165,417.0148810996043,99
2024-09-18 12:43:43.176,417.0670365747477,96
2024-09-18 12:43:43.215,417.11771362447575,98
2024-09-18 12:43:43.215,417.0986166054824,99
2024-09-18 12:43:43.215,417.004124230924,97
2024-09-18 12:43:43.308,416.9975522505646,995
2024-09-18 12:43:43.336,417.0257223161016,1003
2024-09-18 12:43:43.361,417.03625962156485,97
2024-09-18 12:43:43.489,417.0283041179551,8
2024-09-18 12:43:43.536,417.0505521386824,98
2024-09-18 12:43:43.600,417.1172006495717,1004
2024-09-18 12:43:43.609,417.0241271078476,8
2024-09-18 12:43:43.641,417.00596436340766,101
2024-09-18 12:43:43.648,417.09806098802017,10
2024-09-18 12:43:43.757,417.0458205419812,998
2024-09-18 12:43:43.829,417.0463627564097,996
2024-09-18 12:43:43.843,417.1115771165567,12
2024-09-18 12:43:43.877,417.0313202026542,95
2024-09-18 12:43:43.932,417.077093407422,104
2024-09-18 12:43:43.949,417.0099432286351,103
2024-09-18 12:43:44.098,417.0477978711168,9
2024-09-18 12:43:44.156,417.06263742585867,14
2024-09-18 12:43:44.484,417.0597324033299,7
2024-09-18 12:43:45.058,417.0465964015107,97
2024-09-18 12:43:45.087,417.0397233796255,100
2024-09-18 12:43:45.155,417.0457475381722,999
2024-09-18 12:43:45.177,417.0227865733502,6
2024-09-18 12:43:45.186,417.0756090305729,7
2024-09-18 12:43:45.219,417.0142851389544,11
2024-09-18 12:43:45.308,417.0408809112106,15
2024-09-18 12:43:45.356,417.09222904204233,6
2024-09-18 12:43:45.464,417.0839720579259,101
2024-09-18 12:43:45.468,417.0689320874576,98
2024-09-18 12:43:45.484,417.07077204158935,1004
2024-09-18 12:43:45.493,417.0856848854467,998
2024-09-18 12:43:45.508,417.0274634102603,1002
2024-09-18 12:43:45.536,417.07368771874894,13
2024-09-18 12:43:45.702,417.04602732812833,9
2024-09-18 12:43:45.764,417.06529489103485,1004
2024-09-18 12:43:45.833,417.0641787287952,7
2024-09-18 12:43:45.951,417.0501741666324,105
2024-09-18 12:43:45.951,417.0278034369349,999
2024-09-18 12:43:45.976,417.0373533381556,995
2024-09-18 12:43:46.098,417.0196977723856,102
2024-09-18 12:43:46.219,417.03103406439874,1000
2024-09-18 12:43:46.252,417.0327297080093,14
2024-09-18 12:43:46.408,417.0193893956525,11
2024-09-18 12:43:46.945,417.001448140234,997
2024-09-18 12:43:47.053,417.001778303536,96
2024-09-18 12:43:47.203,417.0004135783108,95
2024-09-18 12:43:47.785,417.0179771512296,103
2024-09-18 12:43:47.814,417.0056037763858,102
2024-09-18 12:43:48.575,417.0007566407899,1003
2024-09-18 12:43:48.792,416.9959665772711,1001
2024-09-18 12:43:48.810,417.0026386240973,103
2024-09-18 12:43:48.924,416.99019139839424,11
2024-09-18 12:43:49.050,417.0382999772178,995
2024-09-18 12:43:49.100,417.04257961842944,8
2024-09-18 12:43:49.117,417.0519475122909,10
2024-09-18 12:43:49.134,417.0327888399754,99
2024-09-18 12:43:49.162,417.0356466166333,995
2024-09-18 12:43:49.171,417.0592955822467,101
2024-09-18 12:43:49.175,417.02916720906296,997
2024-09-18 12:43:49.301,417.04793330165074,99
2024-09-18 12:43:49.422,417.05389294200216,12
2024-09-18 12:43:49.510,417.04514547927886,98
2024-09-18 12:43:49.579,417.0044164503392,104
2024-09-18 12:43:49.580,-417.0207772006908,97
2024-09-18 12:43:49.587,417.0549273762638,10
2024-09-18 12:43:49.597,417.0466580048928,9
2024-09-18 12:43:49.703,417.0600772047606,95
2024-09-18 12:43:49.793,417.016620901802,7
2024-09-18 12:43:49.856,417.0378742856502,1005
2024-09-18 12:43:49.914,417.052870081005,15
2024-09-18 12:43:49.923,417.0458443020081,1004
2024-09-18 12:43:49.997,417.0183455983314,97
2024-09-18 12:43:50.106,417.0187747555975,97
2024-09-18 12:43:50.123,417.0026848717576,10
2024-09-18 12:43:50.138,417.015777856634,10
2024-09-18 12:43:50.149,417.0239316362208,105
2024-09-18 12:43:50.167,417.0107101820199,100
2024-09-18 12:43:50.277,417.04789033959247,1002
2024-09-18 12:43:50.381,417.02983088081584,99
2024-09-18 12:43:50.403,417.02818366601446,996
2024-09-18 12:43:50.469,417.07670522999615,95
2024-09-18 12:43:50.484,417.04341284804775,98
2024-09-18 12:43:50.537,417.0247215620685,998
2024-09-18 12:43:50.584,417.0132079684461,998
2024-09-18 12:43:50.593,417.0125520615465,999
2024-09-18 12:43:50.687,417.034906911216,100
2024-09-18 12:43:50.701,417.0603024252292,12
2024-09-18 12:43:50.708,416.98609923878337,12
2024-09-18 12:43:50.740,417.0144405853804,10
2024-09-18 12:43:50.834,417.0604051664565,99
2024-09-18 12:43:50.850,417.0294291293472,8
2024-09-18 12:43:50.850,417.0215361468893,8
2024-09-18 12:43:50.946,417.0421641423971,101
2024-09-18 12:43:50.954,417.0398019148265,7
2024-09-18 12:43:50.964,417.0274222566592,997
2024-09-18 12:43:50.989,417.0291392170651,98
2024-09-18 12:43:51.038,417.0861546388748,15
2024-09-18 12:43:51.049,417.1129519680585,1001
2024-09-18 12:43:51.095,417.0880085487648,6
2024-09-18 12:43:51.301,417.0816887684284,15
2024-09-18 12:43:51.411,417.0704973277587,15
2024-09-18 12:43:51.561,417.0590465271763,11
2024-09-18 12:43:51.579,417.10995950501865,100
2024-09-18 12:43:51.678,417.07113678588894,104
2024-09-18 12:43:51.762,417.0386500812809,95
2024-09-18 12:43:52.051,417.1784362349384,1000
2024-09-18 12:43:52.055,417.1573610339437,14
2024-09-18 12:43:52.093,417.1855509621567,8
2024-09-18 12:43:52.098,417.1945082770355,103
2024-09-18 12:43:52.174,417.1635881670807,997
2024-09-18 12:43:52.175,417.1799299261568,6
2024-09-18 12:43:52.188,417.16111443560993,95
2024-09-18 12:43:52.318,417.1969469883679,15
2024-09-18 12:43:52.323,417.1516728515105,999
2024-09-18 12:43:52.354,417.1140290585929,1002
2024-09-18 12:43:52.354,417.1182659943042,15
2024-09-18 12:43:52.361,417.1384365673152,100
2024-09-18 12:43:52.389,417.1790902922245,98
2024-09-18 12:43:52.400,417.1311421361325,7
2024-09-18 12:43:52.444,417.164416018252,10
2024-09-18 12:43:52.501,417.1038892301784,997
2024-09-18 12:43:52.536,417.17391073505365,6
2024-09-18 12:43:52.606,417.1778608579432,95
2024-09-18 12:43:52.641,417.1648534483037,12
2024-09-18 12:43:52.652,417.1622878538943,998
2024-09-18 12:43:52.759,417.1550285029087,995
2024-09-18 12:43:52.867,417.1424789377737,101
2024-09-18 12:43:52.986,417.16225266963966,996
2024-09-18 12:43:52.999,417.1520822447814,6
2024-09-18 12:43:53.099,417.0965907283819,101
2024-09-18 12:43:53.147,417.0055342583529,5
2024-09-18 12:43:53.212,417.1569299975969,999
2024-09-18 12:43:53.217,417.02245701109626,1003
2024-09-18 12:43:53.273,417.14415060211263,1001
2024-09-18 12:43:53.370,417.0464645526436,15
2024-09-18 12:43:53.371,417.0968970517828,11
2024-09-18 12:43:53.390,417.1333811861118,15
2024-09-18 12:43:53.432,417.0765252674461,1001
2024-09-18 12:43:53.494,417.1058441004755,97
2024-09-18 12:43:53.553,417.044761740879,997
2024-09-18 12:43:53.616,417.0738753107573,7
2024-09-18 12:43:53.662,417.0380997055739,998
2024-09-18 12:43:53.675,417.0402225869935,997
2024-09-18 12:43:53.705,417.163040802718,997
2024-09-18 12:43:53.854,417.0465058396112,1001
2024-09-18 12:43:53.928,417.1220222201688,9
2024-09-18 12:43:53.939,417.16442325101946,98
2024-09-18 12:43:54.080,416.9949062776336,1003
2024-09-18 12:43:54.087,416.9614681369119,1002
2024-09-18 12:43:54.090,417.0039492316209,98
2024-09-18 12:43:54.144,416.98366371378825,95
2024-09-18 12:43:54.190,416.9852564031088,1003
2024-09-18 12:43:54.240,416.9879390794434,13
2024-09-18 12:43:54.241,416.9815709683077,103
2024-09-18 12:43:54.260,416.9892924800219,1001
2024-09-18 12:43:54.260,416.9821868790539,11
2024-09-18 12:43:54.418,417.0059755791484,1002
2024-09-18 12:43:54.665,416.97181323994863,100
2024-09-18 12:43:54.701,416.9963188985428,99
2024-09-18 12:43:54.775,416.9825801748949,96
2024-09-18 12:43:54.784,416.9748158896381,13
2024-09-18 12:43:54.829,416.9847660351719,105
2024-09-18 12:43:54.887,416.99616081051965,10
2024-09-18 12:43:54.934,416.9782864200053,103
2024-09-18 12:43:55.008,417.0013472136465,101
2024-09-18 12:43:55.102,417.0505038899306,7
2024-09-18 12:43:55.127,417.07614451167353,1004
2024-09-18 12:43:55.129,417.0941022533752,1002
2024-09-18 12:43:55.185,417.0813920556984,999
2024-09-18 12:43:55.200,417.0882517081509,995
2024-09-18 12:43:55.209,417.0517355327033,996
2024-09-18 12:43:55.245,417.059830936566,13
2024-09-18 12:43:55.293,417.0034200452438,1000
2024-09-18 12:43:55.294,416.972109045172,8
2024-09-18 12:43:55.305,417.082864481131,998
2024-09-18 12:43:55.319,417.0683755633069,1000
2024-09-18 12:43:55.344,417.0115652459799,10
2024-09-18 12:43:55.504,-417.0761340147346,100
2024-09-18 12:43:55.563,417.0648587275778,98
2024-09-18 12:43:55.651,417.0503194732691,101
2024-09-18 12:43:55.738,416.9906974142214,96
2024-09-18 12:43:55.749,417.0518035166989,105
2024-09-18 12:43:55.750,417.004115816193,11
2024-09-18 12:43:55.799,416.9949090491608,999
2024-09-18 12:43:55.835,417.041274486457,96
2024-09-18 12:43:55.910,417.0030566534418,99
2024-09-18 12:43:55.920,417.01009533176426,8
2024-09-18 12:43:55.969,417.03700725756255,9
2024-09-18 12:43:57.163,,95
2024-09-18 12:43:57.264,41.71176604812253,1005
2024-09-18 12:43:57.288,417.1182932884751,1001
2024-09-18 12:43:57.367,,12
2024-09-18 12:43:57.386,417.1170042269002,997
2024-09-18 12:43:57.447,417.11199857909816,995
2024-09-18 12:43:57.493,417.1071937537785,97
2024-09-18 12:43:57.494,417.10535799839744,995
2024-09-18 12:43:57.510,417.0838685910068,15
2024-09-18 12:43:57.551,417.1144628941963,104
2024-09-18 12:43:57.800,417.0725321239673,12
2024-09-18 12:43:57.814,417.1006487741397,13
2024-09-18 12:43:57.929,417.0820132612121,103
2024-09-18 12:43:57.952,417.09631587906,1004
2024-09-18 12:43:57.960,417.0982624396954,102
2024-09-18 12:43:58.019,417.14987734085065,1005
2024-09-18 12:43:58.171,417.1564824181504,15
2024-09-18 12:43:58.272,417.1165428390132,998
2024-09-18 12:43:58.293,417.1623687494738,995
2024-09-18 12:43:58.342,417.0810556242189,1003
2024-09-18 12:43:58.489,417.1782220084782,1001
2024-09-18 12:43:58.561,417.1549119963886,103
2024-09-18 12:43:58.677,417.0909991584024,95
2024-09-18 12:43:58.700,417.1392769354597,95
2024-09-18 12:43:58.724,41.71653345861897,95
2024-09-18 12:43:58.748,417.0733537979127,99
2024-09-18 12:43:58.754,417.1529406848469,1003
2024-09-18 12:43:58.869,417.1395474572548,103
2024-09-18 12:43:58.924,417.1494619802072,999
2024-09-18 12:43:59.053,417.0444589663624,6
2024-09-18 12:43:59.108,417.00121459387566,99
2024-09-18 12:43:59.146,41.70119299242639,1000
2024-09-18 12:43:59.154,417.01866460919047,7
2024-09-18 12:43:59.175,416.9867486467144,997
2024-09-18 12:43:59.179,417.010817840621,1004
2024-09-18 12:43:59.189,417.0102193627462,995
2024-09-18 12:43:59.206,416.9919616199415,14
2024-09-18 12:43:59.268,417.076786710275,1002
2024-09-18 12:43:59.349,417.0133133393112,104
2024-09-18 12:43:59.374,417.0129745905064,7
2024-09-18 12:43:59.380,416.9924207496625,997
2024-09-18 12:43:59.555,417.09290351851286,98
2024-09-18 12:43:59.578,416.9999624923589,103
2024-09-18 12:43:59.620,417.00412126241065,997
2024-09-18 12:43:59.627,417.0154749748853,996
2024-09-18 12:43:59.719,417.0208792619563,7
2024-09-18 12:43:59.760,417.0469961426025,100
2024-09-18 12:43:59.781,416.9846388896667,12
2024-09-18 12:43:59.828,416.9959936277182,10
2024-09-18 12:43:59.866,416.99622311252784,105
2024-09-18 12:43:59.893,416.9944781581132,13
2024-09-18 12:43:59.969,417.0804121114767,1001
